2918 4800
541 1049 953 1127 PRAEFATIO.

152 1444 246 1566 (duo
273 1501 323 1554 ex
353 1487 523 1574 tempore
558 1473 751 1567 „Historia
777 1481 814 1548 et
840 1471 1030 1576 Synopsis
1057 1472 1340 1551 Entonoorum“

155 1620 308 1688 auctore
341 1606 613 1708 Rudolphio
645 1607 683 1680 in
717 1606 836 1683 lucem
870 1605 1082 1708 prodierat,
1110 1610 1192 1708 ejus
1218 1610 1341 1711 ipsius

152 1744 380 1819 animantium
412 1740 550 1818 classis
575 1748 630 1817 tot
656 1763 797 1839 genera
825 1749 954 1840 totquc
979 1740 1131 1841 species
1159 1745 1338 1823 secundis

148 1876 236 1953 inde
270 1875 406 1953 studiis
432 1875 538 1953 licuit
563 1875 794 1974 investigare
819 1883 932 1973 atque
959 1854 1199 1976 expromere,
1224 1887 1263 1954 ut
1289 1880 1338 1956 ad

148 2011 296 2111 singula
328 2033 497 2111 quaeque
532 2008 654 2086 oculis
689 2008 951 2109 perlustranda
985 2009 1088 2086 vires
1123 2036 1239 2112 aegre
1268 2040 1337 2092 va-

142 2146 275 2238 lerent,
297 2153 411 2244 utque
437 2166 542 2220 nemo
570 2168 655 2236 non,
672 2144 734 2243 qni
762 2142 819 2218 eis
845 2143 881 2217 in
909 2144 1023 2218 rebus
1050 2144 1174 2219 studia
1193 2172 1334 2247 ponere

144 2282 312 2372 solebat,
346 2278 466 2376 magis
503 2275 696 2377 magisque
733 2275 954 2353 desiderare
986 2277 1155 2380 coeperit
1188 2279 1334 2377 librum,

142 2440 215 2518 quo
232 2413 436 2514 antiquitus
454 2411 605 2510 cognita
622 2434 743 2512 aeque
759 2436 804 2488 ac
820 2435 955 2488 recens
969 2411 1117 2492 detecta
1136 2415 1331 2517 amplexus

140 2550 259 2628 totius
291 2548 346 2626 rei
381 2546 667 2648 perspiciendae
696 2549 837 2644 justam
870 2547 1011 2648 copiam
1045 2547 1330 2650 adipisceretur.

139 2687 343 2765 Praeterea
364 2706 471 2782 quum
484 2679 661 2757 solertior
674 2680 881 2756 anatomiae
901 2684 1175 2783 comparativae
1186 2687 1332 2763 cultura

143 2820 191 2898 de
217 2819 475 2895 Entonoorum
496 2815 674 2891 interiore
699 2823 887 2892 structura
913 2815 1022 2890 simul
1049 2842 1145 2893 nova
1182 2819 1218 2892 in
1246 2819 1329 2897 dies

139 2953 381 3053 patefaceret,
401 2959 569 3050 quantum
589 2948 629 3024 id
644 2949 787 3047 quidem
804 2950 986 3026 commodi
998 2950 1174 3027 adtulerit
1192 2977 1330 3029 eorun-

143 3082 225 3157 dem
259 3084 556 3187 animalculorum
591 3090 755 3156 naturam
789 3083 1102 3182 perscrutateris,
1129 3093 1330 3185 propterea

138 3216 236 3317 quod
254 3241 380 3294 eorum
397 3244 478 3296 cum
509 3212 727 3305 infusoriis,
749 3213 937 3289 Planariis
964 3222 1002 3289 et
1027 3215 1226 3294 Annelidis
1245 3221 1328 3298 affi-

135 3351 284 3428 nitatem
300 3363 339 3429 et
355 3341 610 3452 cognationem
629 3349 876 3426 confirmatam
896 3348 1088 3444 haberent,
1101 3375 1206 3430 nemo
1222 3365 1326 3434 certe

134 3497 206 3579 est,
226 3488 312 3586 quin
338 3486 476 3563 videat.
496 3486 580 3578 Quo
608 3486 665 3576 fit,
694 3493 746 3577 ut,
774 3485 993 3586 quicumque
1018 3495 1133 3564 artem
1163 3499 1326 3567 nostram

132 3620 363 3719 profitentur,
384 3623 529 3719 integro
549 3619 596 3696 de
616 3617 890 3696 Helminthibns
911 3630 1076 3720 opereat
1086 3625 1194 3720 justo
1208 3612 1326 3699 ¹simul
1423 3660 1427 3668 ·

134 3753 265 3830 ordine
300 3755 485 3856 disposito
514 3753 653 3828 diutius
686 3761 870 3853 nequeant
896 3778 1038 3831 carere.
1067 3755 1176 3848 Quod
1203 3764 1322 3832 autem

133 3908 246 3987 opus,
274 3888 441 3989 quamvis
468 3888 666 3987 diligenter
692 3896 729 3963 et
756 3887 958 3964 secundum
987 3889 1042 3964 rei
1067 3887 1188 3986 ipsius
1215 3897 1325 3969 natu-

113 4044 206 4107 ‚ram
224 4024 333 4121 justo
360 4022 469 4100 modo
496 4023 546 4099 sit
572 4021 845 4115 concinnatum,
873 4030 1009 4096 tantum
1046 4027 1165 4096 tamen
1202 4026 1321 4122 abest,

129 4162 170 4233 ut
195 4157 291 4237 sotis
316 4157 697 4263 Endoparasitarum‚
723 4166 764 4234 nt
790 4156 940 4246 ditunt,
968 4152 1102 4235 finibus
1129 4161 1322 4241 continea-
