<?xml version="1.0" encoding="UTF-8"?>
<!DOCTYPE html PUBLIC "-//W3C//DTD XHTML 1.0 Transitional//EN"
    "http://www.w3.org/TR/xhtml1/DTD/xhtml1-transitional.dtd">
<html xmlns="http://www.w3.org/1999/xhtml" xml:lang="en" lang="en">
 <head>
  <title>
</title>
<meta http-equiv="Content-Type" content="text/html;charset=utf-8" />
  <meta name='ocr-system' content='tesseract 3.04.00' />
  <meta name='ocr-capabilities' content='ocr_page ocr_carea ocr_par ocr_line ocrx_word'/>
</head>
<body>
  <div class='ocr_page' id='page_1' title='image "./systemahelminth00diesgoog_0368.png"; bbox 0 0 2918 4800; ppageno 0'>
   <div class='ocr_carea' id='block_1_1' title="bbox 1253 257 1317 320">
    <p class='ocr_par' dir='ltr' id='par_1_1' title="bbox 1253 257 1317 320">
     <span class='ocr_line' id='line_1_1' title="bbox 1253 257 1317 320; baseline 0 0"><span class='ocrx_word' id='word_1_1' title='bbox 1253 257 1317 320; x_wconf 85' lang='grc'>347</span> 
     </span>
    </p>
   </div>
   <div class='ocr_carea' id='block_1_2' title="bbox 182 389 1315 527">
    <p class='ocr_par' dir='ltr' id='par_1_2' title="bbox 182 389 1315 527">
     <span class='ocr_line' id='line_1_2' title="bbox 182 389 1315 456; baseline 0.003 -17"><span class='ocrx_word' id='word_1_2' title='bbox 182 391 307 439; x_wconf 87' lang='lat' dir='ltr'>Distomu</span> <span class='ocrx_word' id='word_1_3' title='bbox 333 393 438 453; x_wconf 76' lang='lat' dir='ltr'>granno</span> <span class='ocrx_word' id='word_1_4' title='bbox 458 389 605 452; x_wconf 75' lang='lat' dir='ltr'>llorlotplri:</span> <span class='ocrx_word' id='word_1_5' title='bbox 627 393 746 452; x_wconf 81' lang='lat' dir='ltr'>Syrrops.</span> <span class='ocrx_word' id='word_1_6' title='bbox 767 394 835 453; x_wconf 79' lang='lat' dir='ltr'>App.</span> <span class='ocrx_word' id='word_1_7' title='bbox 858 392 919 443; x_wconf 76' lang='grc'><strong>676.</strong></span> <span class='ocrx_word' id='word_1_8' title='bbox 942 418 976 431; x_wconf 91' lang='grc'><strong>-</strong></span> <span class='ocrx_word' id='word_1_9' title='bbox 993 397 1146 456; x_wconf 57' lang='lat' dir='ltr'>ornarant:</span> <span class='ocrx_word' id='word_1_10' title='bbox 1167 400 1239 449; x_wconf 75' lang='lat' dir='ltr'>nist.</span> <span class='ocrx_word' id='word_1_11' title='bbox 1259 406 1315 451; x_wconf 69' lang='lat' dir='ltr'>nar,</span> 
     </span>
     <span class='ocr_line' id='line_1_3' title="bbox 239 476 537 527; baseline 0 -1"><span class='ocrx_word' id='word_1_12' title='bbox 239 482 288 527; x_wconf 85' lang='lat' dir='ltr'>des</span> <span class='ocrx_word' id='word_1_13' title='bbox 306 479 453 527; x_wconf 85' lang='lat' dir='ltr'>llelmintb.</span> <span class='ocrx_word' id='word_1_14' title='bbox 475 476 537 526; x_wconf 79' lang='grc'><strong>446.</strong></span> 
     </span>
    </p>
   </div>
   <div class='ocr_carea' id='block_1_3' title="bbox 132 603 1317 782">
    <p class='ocr_par' dir='ltr' id='par_1_3' title="bbox 132 603 1317 782">
     <span class='ocr_line' id='line_1_4' title="bbox 219 603 1317 687; baseline -0.003 -28"><span class='ocrx_word' id='word_1_15' title='bbox 219 608 243 659; x_wconf 89' lang='grc' dir='ltr'><strong><em>Η</em></strong></span> <span class='ocrx_word' id='word_1_16' title='bbox 256 607 298 660; x_wconf 88' lang='lat' dir='ltr'>ab</span> <span class='ocrx_word' id='word_1_17' title='bbox 308 604 318 659; x_wconf 95' lang='lat' dir='ltr'>i</span> <span class='ocrx_word' id='word_1_18' title='bbox 330 610 389 660; x_wconf 79' lang='lat' dir='ltr'>tac</span> <span class='ocrx_word' id='word_1_19' title='bbox 401 621 420 659; x_wconf 93' lang='lat' dir='ltr'>u</span> <span class='ocrx_word' id='word_1_20' title='bbox 431 605 469 659; x_wconf 94' lang='lat' dir='ltr'>lu</span> <span class='ocrx_word' id='word_1_21' title='bbox 480 618 516 658; x_wconf 92' lang='lat' dir='ltr'>m.</span> <span class='ocrx_word' id='word_1_22' title='bbox 534 603 679 660; x_wconf 74' lang='lat' dir='ltr'>Plataico</span> <span class='ocrx_word' id='word_1_23' title='bbox 699 604 812 676; x_wconf 77' lang='lat' dir='ltr'>Ajoja:</span> <span class='ocrx_word' id='word_1_24' title='bbox 829 605 860 661; x_wconf 94' lang='lat' dir='ltr'>in</span> <span class='ocrx_word' id='word_1_25' title='bbox 880 604 1047 679; x_wconf 85' lang='lat' dir='ltr'>intestinis,</span> <span class='ocrx_word' id='word_1_26' title='bbox 1065 611 1183 683; x_wconf 82' lang='lat' dir='ltr'>Aprili,</span> <span class='ocrx_word' id='word_1_27' title='bbox 1204 614 1317 687; x_wconf 72' lang='lat' dir='ltr'>Augu.</span> 
     </span>
     <span class='ocr_line' id='line_1_5' title="bbox 132 703 967 782; baseline 0.002 -22"><span class='ocrx_word' id='word_1_28' title='bbox 132 712 180 761; x_wconf 85' lang='lat' dir='ltr'>sto</span> <span class='ocrx_word' id='word_1_29' title='bbox 197 711 227 760; x_wconf 88' lang='lat' dir='ltr'>et</span> <span class='ocrx_word' id='word_1_30' title='bbox 244 707 404 763; x_wconf 78' lang='lat' dir='ltr'>Novembri</span> <span class='ocrx_word' id='word_1_31' title='bbox 424 707 455 762; x_wconf 96' lang='lat' dir='ltr'>in</span> <span class='ocrx_word' id='word_1_32' title='bbox 472 705 603 760; x_wconf 81' lang='lat' dir='ltr'>Brasilia</span> <span class='ocrx_word' id='word_1_33' title='bbox 621 703 808 782; x_wconf 83' lang='lat' dir='ltr'>(Notterer).</span> <span class='ocrx_word' id='word_1_34' title='bbox 830 711 872 763; x_wconf 88' lang='grc' dir='ltr'>Μ.</span> <span class='ocrx_word' id='word_1_35' title='bbox 887 709 919 765; x_wconf 85' lang='lat' dir='ltr'>C.</span> <span class='ocrx_word' id='word_1_36' title='bbox 931 710 967 763; x_wconf 90' lang='lat' dir='ltr'>V.</span> 
     </span>
    </p>
   </div>
   <div class='ocr_carea' id='block_1_4' title="bbox 175 879 977 947">
    <p class='ocr_par' dir='ltr' id='par_1_4' title="bbox 175 879 977 947">
     <span class='ocr_line' id='line_1_6' title="bbox 175 879 977 947; baseline 0.002 -14"><span class='ocrx_word' id='word_1_37' title='bbox 175 882 241 933; x_wconf 77' lang='lat' dir='ltr'>u.</span> <span class='ocrx_word' id='word_1_38' title='bbox 266 881 499 935; x_wconf 66' lang='lat' dir='ltr'>”rotomum</span> <span class='ocrx_word' id='word_1_39' title='bbox 521 879 756 947; x_wconf 77' lang='lat' dir='ltr'>vellporum</span> <span class='ocrx_word' id='word_1_40' title='bbox 778 881 977 937; x_wconf 79' lang='lat' dir='ltr'>enEPnIN.</span> 
     </span>
    </p>
   </div>
   <div class='ocr_carea' id='block_1_5' title="bbox 127 1007 1317 1804">
    <p class='ocr_par' dir='ltr' id='par_1_5' title="bbox 127 1007 1317 1606">
     <span class='ocr_line' id='line_1_7' title="bbox 218 1007 1317 1094; baseline 0.005 -21"><span class='ocrx_word' id='word_1_41' title='bbox 218 1007 355 1092; x_wconf 74' lang='lat' dir='ltr'>Corpus</span> <span class='ocrx_word' id='word_1_42' title='bbox 373 1008 562 1090; x_wconf 84' lang='lat' dir='ltr'>elongatum</span> <span class='ocrx_word' id='word_1_43' title='bbox 580 1008 886 1093; x_wconf 87' lang='lat' dir='ltr'>depressiusculurn</span> <span class='ocrx_word' id='word_1_44' title='bbox 903 1015 1086 1075; x_wconf 87' lang='lat' dir='ltr'>retrorsum</span> <span class='ocrx_word' id='word_1_45' title='bbox 1104 1019 1317 1094; x_wconf 87' lang='lat' dir='ltr'>angustatum</span> 
     </span>
     <span class='ocr_line' id='line_1_8' title="bbox 131 1108 1317 1196; baseline 0.007 -24"><span class='ocrx_word' id='word_1_46' title='bbox 131 1108 360 1196; x_wconf 83' lang='lat' dir='ltr'>rotundatum,</span> <span class='ocrx_word' id='word_1_47' title='bbox 385 1118 583 1176; x_wconf 81' lang='lat' dir='ltr'><strong>transverse</strong></span> <span class='ocrx_word' id='word_1_48' title='bbox 599 1114 841 1193; x_wconf 83' lang='lat' dir='ltr'>angustissime</span> <span class='ocrx_word' id='word_1_49' title='bbox 863 1131 1031 1193; x_wconf 86' lang='lat' dir='ltr'>rugosum.</span> <span class='ocrx_word' id='word_1_50' title='bbox 1069 1112 1203 1179; x_wconf 81' lang='lat' dir='ltr'>Collum</span> <span class='ocrx_word' id='word_1_51' title='bbox 1221 1118 1317 1180; x_wconf 92' lang='lat' dir='ltr'>coni-</span> 
     </span>
     <span class='ocr_line' id='line_1_9' title="bbox 132 1211 1317 1298; baseline 0.004 -22"><span class='ocrx_word' id='word_1_52' title='bbox 132 1230 206 1276; x_wconf 84' lang='lat' dir='ltr'>cum</span> <span class='ocrx_word' id='word_1_53' title='bbox 221 1211 528 1298; x_wconf 89' lang='lat' dir='ltr'>depressiuseulum</span> <span class='ocrx_word' id='word_1_54' title='bbox 543 1220 601 1275; x_wconf 90' lang='lat' dir='ltr'>aut</span> <span class='ocrx_word' id='word_1_55' title='bbox 615 1211 877 1277; x_wconf 91' lang='lat' dir='ltr'>teretiusculum.</span> <span class='ocrx_word' id='word_1_56' title='bbox 905 1212 953 1278; x_wconf 83' lang='lat' dir='ltr'>Or</span> <span class='ocrx_word' id='word_1_57' title='bbox 973 1215 1209 1279; x_wconf 84' lang='lat' dir='ltr'>subterminule</span> <span class='ocrx_word' id='word_1_58' title='bbox 1226 1222 1317 1281; x_wconf 90' lang='lat' dir='ltr'>anti·</span> 
     </span>
     <span class='ocr_line' id='line_1_10' title="bbox 130 1313 1317 1400; baseline 0.004 -23"><span class='ocrx_word' id='word_1_59' title='bbox 130 1333 224 1398; x_wconf 84' lang='lat' dir='ltr'>cum,</span> <span class='ocrx_word' id='word_1_60' title='bbox 248 1315 443 1381; x_wconf 80' lang='lat' dir='ltr'>orbiculare.</span> <span class='ocrx_word' id='word_1_61' title='bbox 468 1313 697 1380; x_wconf 83' lang='lat' dir='ltr'>Acetobulum</span> <span class='ocrx_word' id='word_1_62' title='bbox 718 1333 775 1378; x_wconf 93' lang='lat' dir='ltr'>ore</span> <span class='ocrx_word' id='word_1_63' title='bbox 802 1313 902 1399; x_wconf 92' lang='lat' dir='ltr'>duplo</span> <span class='ocrx_word' id='word_1_64' title='bbox 928 1318 1054 1399; x_wconf 82' lang='lat' dir='ltr'>majus,</span> <span class='ocrx_word' id='word_1_65' title='bbox 1088 1335 1243 1400; x_wconf 88' lang='lat' dir='ltr'>superum</span> <span class='ocrx_word' id='word_1_66' title='bbox 1274 1317 1317 1383; x_wconf 85' lang='lat' dir='ltr'>ad</span> 
     </span>
     <span class='ocr_line' id='line_1_11' title="bbox 130 1413 1316 1500; baseline 0.006 -22"><span class='ocrx_word' id='word_1_67' title='bbox 130 1413 206 1478; x_wconf 87' lang='lat' dir='ltr'>colli</span> <span class='ocrx_word' id='word_1_68' title='bbox 224 1416 339 1499; x_wconf 83' lang='lat' dir='ltr'>basin,</span> <span class='ocrx_word' id='word_1_69' title='bbox 365 1423 520 1500; x_wconf 79' lang='lat' dir='ltr'>apertura</span> <span class='ocrx_word' id='word_1_70' title='bbox 536 1417 712 1494; x_wconf 71' lang='lat' dir='ltr'>circulari.</span> <span class='ocrx_word' id='word_1_71' title='bbox 736 1418 868 1481; x_wconf 90' lang='lat' dir='ltr'>interne</span> <span class='ocrx_word' id='word_1_72' title='bbox 885 1418 1040 1500; x_wconf 85' lang='lat' dir='ltr'>utrinque</span> <span class='ocrx_word' id='word_1_73' title='bbox 1055 1420 1168 1483; x_wconf 88' lang='lat' dir='ltr'>tunica</span> <span class='ocrx_word' id='word_1_74' title='bbox 1190 1421 1224 1482; x_wconf 92' lang='lat' dir='ltr'>in</span> <span class='ocrx_word' id='word_1_75' title='bbox 1248 1420 1316 1486; x_wconf 93' lang='lat' dir='ltr'>veli</span> 
     </span>
     <span class='ocr_line' id='line_1_12' title="bbox 127 1516 1093 1606; baseline 0.002 -27"><span class='ocrx_word' id='word_1_76' title='bbox 127 1517 275 1599; x_wconf 89' lang='lat' dir='ltr'>speciem</span> <span class='ocrx_word' id='word_1_77' title='bbox 293 1516 489 1600; x_wconf 89' lang='lat' dir='ltr'>protractili.</span> <span class='ocrx_word' id='word_1_78' title='bbox 513 1518 649 1601; x_wconf 85' lang='lat' dir='ltr'>Longit.</span> <span class='ocrx_word' id='word_1_79' title='bbox 667 1522 821 1606; x_wconf 57' lang='lat' dir='ltr'>8m—3&#39;3</span> <span class='ocrx_word' id='word_1_80' title='bbox 844 1518 928 1582; x_wconf 90' lang='lat' dir='ltr'>latit.</span> <span class='ocrx_word' id='word_1_81' title='bbox 949 1519 1093 1600; x_wconf 44' lang='lat'>¹3²³&lt;</span> 
     </span>
    </p>

    <p class='ocr_par' dir='ltr' id='par_1_6' title="bbox 180 1654 1314 1804">
     <span class='ocr_line' id='line_1_13' title="bbox 180 1654 1314 1726; baseline 0.009 -24"><span class='ocrx_word' id='word_1_82' title='bbox 180 1654 313 1703; x_wconf 77' lang='lat' dir='ltr'>Fasciola</span> <span class='ocrx_word' id='word_1_83' title='bbox 335 1656 432 1717; x_wconf 72' lang='lat' dir='ltr'>§quali</span> <span class='ocrx_word' id='word_1_84' title='bbox 456 1657 544 1718; x_wconf 87' lang='lat' dir='ltr'>grisei</span> <span class='ocrx_word' id='word_1_85' title='bbox 566 1660 662 1709; x_wconf 84' lang='lat' dir='ltr'>Risso:</span> <span class='ocrx_word' id='word_1_86' title='bbox 682 1660 857 1721; x_wconf 79' lang='lat' dir='ltr'>loirtiryolog.</span> <span class='ocrx_word' id='word_1_87' title='bbox 882 1660 915 1706; x_wconf 79' lang='lat' dir='ltr'>do</span> <span class='ocrx_word' id='word_1_88' title='bbox 940 1657 1018 1708; x_wconf 85' lang='lat' dir='ltr'>Nice.</span> <span class='ocrx_word' id='word_1_89' title='bbox 1042 1660 1085 1708; x_wconf 76' lang='lat'>38.</span> <span class='ocrx_word' id='word_1_90' title='bbox 1108 1686 1141 1696; x_wconf 91' lang='lat'><em>-</em></span> <span class='ocrx_word' id='word_1_91' title='bbox 1162 1663 1298 1726; x_wconf 70' lang='lat' dir='ltr'>liudolpho·</span> <span class='ocrx_word' id='word_1_92' title='bbox 1306 1679 1314 1711; x_wconf 76' lang='lat' dir='ltr'><em>z</em></span> 
     </span>
     <span class='ocr_line' id='line_1_14' title="bbox 236 1742 434 1804; baseline 0.015 -15"><span class='ocrx_word' id='word_1_93' title='bbox 236 1742 357 1804; x_wconf 69' lang='lat' dir='ltr'>synope.</span> <span class='ocrx_word' id='word_1_94' title='bbox 375 1744 434 1793; x_wconf 83' lang='lat' dir='ltr'>tat.</span> 
     </span>
    </p>
   </div>
   <div class='ocr_carea' id='block_1_6' title="bbox 178 1827 1312 1897">
    <p class='ocr_par' dir='ltr' id='par_1_7' title="bbox 178 1827 1312 1897">
     <span class='ocr_line' id='line_1_15' title="bbox 178 1827 1312 1897; baseline 0.011 -21"><span class='ocrx_word' id='word_1_95' title='bbox 178 1827 333 1879; x_wconf 74' lang='lat' dir='ltr'>Bistonium</span> <span class='ocrx_word' id='word_1_96' title='bbox 352 1833 506 1893; x_wconf 86' lang='lat' dir='ltr'>veliporom</span> <span class='ocrx_word' id='word_1_97' title='bbox 526 1836 652 1897; x_wconf 61' lang='lat' dir='ltr'>wopan:</span> <span class='ocrx_word' id='word_1_98' title='bbox 674 1834 701 1885; x_wconf 92' lang='lat' dir='ltr'>in</span> <span class='ocrx_word' id='word_1_99' title='bbox 717 1836 808 1887; x_wconf 78' lang='lat' dir='ltr'>ilrsclr</span> <span class='ocrx_word' id='word_1_100' title='bbox 833 1841 860 1884; x_wconf 86' lang='lat' dir='ltr'>et</span> <span class='ocrx_word' id='word_1_101' title='bbox 882 1835 966 1886; x_wconf 80' lang='lat' dir='ltr'>Grub.</span> <span class='ocrx_word' id='word_1_102' title='bbox 990 1836 1108 1897; x_wconf 79' lang='lat' dir='ltr'>iincycl.</span> <span class='ocrx_word' id='word_1_103' title='bbox 1128 1836 1228 1887; x_wconf 81' lang='lat' dir='ltr'>lxxx.</span> <span class='ocrx_word' id='word_1_104' title='bbox 1248 1841 1312 1888; x_wconf 81' lang='lat'>310.</span> 
     </span>
    </p>
   </div>
   <div class='ocr_carea' id='block_1_7' title="bbox 232 1917 1313 2061">
    <p class='ocr_par' dir='ltr' id='par_1_8' title="bbox 232 1917 1313 2061">
     <span class='ocr_line' id='line_1_16' title="bbox 235 1917 1313 1984; baseline 0.009 -18"><span class='ocrx_word' id='word_1_105' title='bbox 235 1922 277 1966; x_wconf 81' lang='lat' dir='ltr'>ct:</span> <span class='ocrx_word' id='word_1_106' title='bbox 299 1917 326 1967; x_wconf 88' lang='lat' dir='ltr'>in</span> <span class='ocrx_word' id='word_1_107' title='bbox 350 1921 535 1984; x_wconf 74' lang='lat' dir='ltr'>Wiepnrann&#39;s</span> <span class='ocrx_word' id='word_1_108' title='bbox 552 1925 635 1972; x_wconf 75' lang='lat' dir='ltr'>Arci.</span> <span class='ocrx_word' id='word_1_109' title='bbox 656 1923 732 1973; x_wconf 71' lang='grc'><strong>1847.</strong></span> <span class='ocrx_word' id='word_1_110' title='bbox 747 1926 810 1974; x_wconf 74' lang='grc'>336.</span> <span class='ocrx_word' id='word_1_111' title='bbox 829 1925 896 1973; x_wconf 78' lang='lat' dir='ltr'>Tab.</span> <span class='ocrx_word' id='word_1_112' title='bbox 911 1923 959 1972; x_wconf 72' lang='lat' dir='ltr'>lX.</span> <span class='ocrx_word' id='word_1_113' title='bbox 979 1924 1004 1973; x_wconf 92' lang='lat'>1.</span> <span class='ocrx_word' id='word_1_114' title='bbox 1024 1929 1051 1972; x_wconf 85' lang='lat' dir='ltr'>et</span> <span class='ocrx_word' id='word_1_115' title='bbox 1069 1925 1094 1971; x_wconf 81' lang='lat'>2.</span> <span class='ocrx_word' id='word_1_116' title='bbox 1110 1951 1143 1961; x_wconf 94' lang='lat'>-</span> <span class='ocrx_word' id='word_1_117' title='bbox 1158 1925 1313 1983; x_wconf 68' lang='lat' dir='ltr'>Droardr&#39;n:</span> 
     </span>
     <span class='ocr_line' id='line_1_17' title="bbox 232 2005 693 2061; baseline 0.017 -9"><span class='ocrx_word' id='word_1_118' title='bbox 232 2005 303 2054; x_wconf 80' lang='lat' dir='ltr'>illst.</span> <span class='ocrx_word' id='word_1_119' title='bbox 321 2013 376 2058; x_wconf 83' lang='lat' dir='ltr'>nat.</span> <span class='ocrx_word' id='word_1_120' title='bbox 395 2011 445 2057; x_wconf 80' lang='lat' dir='ltr'>dea</span> <span class='ocrx_word' id='word_1_121' title='bbox 463 2009 614 2060; x_wconf 83' lang='lat' dir='ltr'>Helmintb.</span> <span class='ocrx_word' id='word_1_122' title='bbox 632 2008 693 2061; x_wconf 86' lang='grc'><strong>471.</strong></span> 
     </span>
    </p>
   </div>
   <div class='ocr_carea' id='block_1_8' title="bbox 124 2129 1312 2394">
    <p class='ocr_par' dir='ltr' id='par_1_9' title="bbox 124 2129 1312 2394">
     <span class='ocr_line' id='line_1_18' title="bbox 210 2129 1312 2205; baseline 0.002 -19"><span class='ocrx_word' id='word_1_123' title='bbox 210 2133 504 2191; x_wconf 76' lang='grc' dir='ltr'>ΗιίιίίιιοιιΙιιιιι.</span> <span class='ocrx_word' id='word_1_124' title='bbox 538 2137 720 2193; x_wconf 79' lang='lat' dir='ltr'>Prionodoo</span> <span class='ocrx_word' id='word_1_125' title='bbox 742 2138 880 2196; x_wconf 79' lang='lat' dir='ltr'>Milbertr&#39;</span> <span class='ocrx_word' id='word_1_126' title='bbox 909 2143 939 2192; x_wconf 88' lang='lat' dir='ltr'>et</span> <span class='ocrx_word' id='word_1_127' title='bbox 959 2129 1151 2191; x_wconf 74' lang='lat' dir='ltr'>Heororcbrlr</span> <span class='ocrx_word' id='word_1_128' title='bbox 1174 2135 1312 2205; x_wconf 72' lang='lat' dir='ltr'>priscus:</span> 
     </span>
     <span class='ocr_line' id='line_1_19' title="bbox 124 2231 1309 2310; baseline 0.004 -23"><span class='ocrx_word' id='word_1_129' title='bbox 124 2233 155 2287; x_wconf 92' lang='lat' dir='ltr'>iu</span> <span class='ocrx_word' id='word_1_130' title='bbox 182 2234 326 2291; x_wconf 84' lang='lat' dir='ltr'>intestino</span> <span class='ocrx_word' id='word_1_131' title='bbox 347 2234 489 2309; x_wconf 65' lang='lat' dir='ltr'>(moso),</span> <span class='ocrx_word' id='word_1_132' title='bbox 527 2239 556 2292; x_wconf 94' lang='lat' dir='ltr'>in</span> <span class='ocrx_word' id='word_1_133' title='bbox 581 2239 750 2296; x_wconf 88' lang='lat' dir='ltr'>ventriculo</span> <span class='ocrx_word' id='word_1_134' title='bbox 780 2236 904 2310; x_wconf 81' lang='lat' dir='ltr'>(otro),</span> <span class='ocrx_word' id='word_1_135' title='bbox 941 2236 1078 2292; x_wconf 78' lang='lat' dir='ltr'>Panormi</span> <span class='ocrx_word' id='word_1_136' title='bbox 1105 2231 1309 2309; x_wconf 75' lang='lat' dir='ltr'>(Orobmoo).</span> 
     </span>
     <span class='ocr_line' id='line_1_20' title="bbox 127 2336 272 2394; baseline 0.028 -5"><span class='ocrx_word' id='word_1_137' title='bbox 127 2337 172 2390; x_wconf 84' lang='grc' dir='ltr'>Μ.</span> <span class='ocrx_word' id='word_1_138' title='bbox 187 2336 219 2392; x_wconf 85' lang='lat' dir='ltr'>C.</span> <span class='ocrx_word' id='word_1_139' title='bbox 232 2339 272 2394; x_wconf 91' lang='lat' dir='ltr'>V.</span> 
     </span>
    </p>
   </div>
   <div class='ocr_carea' id='block_1_9' title="bbox 168 2492 894 2564">
    <p class='ocr_par' dir='ltr' id='par_1_10' title="bbox 168 2492 894 2564">
     <span class='ocr_line' id='line_1_21' title="bbox 168 2492 894 2564; baseline 0.01 -20"><span class='ocrx_word' id='word_1_140' title='bbox 168 2492 234 2545; x_wconf 70' lang='lat' dir='ltr'>ss.</span> <span class='ocrx_word' id='word_1_141' title='bbox 257 2492 492 2551; x_wconf 74' lang='lat' dir='ltr'>Bistonum</span> <span class='ocrx_word' id='word_1_142' title='bbox 514 2494 678 2564; x_wconf 63' lang='lat' dir='ltr'>insigne</span> <span class='ocrx_word' id='word_1_143' title='bbox 700 2495 894 2553; x_wconf 71' lang='lat' dir='ltr'>nrnsm&#39;o.</span> 
     </span>
    </p>
   </div>
   <div class='ocr_carea' id='block_1_10' title="bbox 123 2620 1309 2912">
    <p class='ocr_par' dir='ltr' id='par_1_11' title="bbox 123 2620 1309 2912">
     <span class='ocr_line' id='line_1_22' title="bbox 210 2620 1309 2711; baseline 0.005 -24"><span class='ocrx_word' id='word_1_144' title='bbox 210 2620 348 2707; x_wconf 78' lang='lat' dir='ltr'>Corpus</span> <span class='ocrx_word' id='word_1_145' title='bbox 367 2624 542 2708; x_wconf 85' lang='lat' dir='ltr'>oblongum</span> <span class='ocrx_word' id='word_1_146' title='bbox 557 2625 775 2711; x_wconf 88' lang='lat' dir='ltr'>depressum,</span> <span class='ocrx_word' id='word_1_147' title='bbox 797 2632 981 2691; x_wconf 86' lang='lat' dir='ltr'>retrorsum</span> <span class='ocrx_word' id='word_1_148' title='bbox 999 2627 1232 2692; x_wconf 88' lang='lat' dir='ltr'>acuminatum.</span> <span class='ocrx_word' id='word_1_149' title='bbox 1259 2626 1309 2694; x_wconf 81' lang='lat' dir='ltr'>Or</span> 
     </span>
     <span class='ocr_line' id='line_1_23' title="bbox 123 2725 1309 2814; baseline 0.006 -27"><span class='ocrx_word' id='word_1_150' title='bbox 123 2725 318 2790; x_wconf 73' lang='lat' dir='ltr'>orbiculare.</span> <span class='ocrx_word' id='word_1_151' title='bbox 349 2725 579 2794; x_wconf 81' lang='lat' dir='ltr'>Acelobrrlum</span> <span class='ocrx_word' id='word_1_152' title='bbox 605 2748 779 2814; x_wconf 76' lang='lat' dir='ltr'>magnum,</span> <span class='ocrx_word' id='word_1_153' title='bbox 812 2732 969 2814; x_wconf 83' lang='lat' dir='ltr'>apertura</span> <span class='ocrx_word' id='word_1_154' title='bbox 996 2727 1170 2814; x_wconf 82' lang='lat' dir='ltr'>circulari,</span> <span class='ocrx_word' id='word_1_155' title='bbox 1210 2728 1309 2795; x_wconf 90' lang='lat' dir='ltr'>limbo</span> 
     </span>
     <span class='ocr_line' id='line_1_24' title="bbox 123 2825 517 2912; baseline 0.015 -24"><span class='ocrx_word' id='word_1_156' title='bbox 123 2825 266 2894; x_wconf 89' lang='lat' dir='ltr'>elevato.</span> <span class='ocrx_word' id='word_1_157' title='bbox 291 2829 426 2911; x_wconf 82' lang='lat' dir='ltr'>Longit.</span> <span class='ocrx_word' id='word_1_158' title='bbox 454 2834 517 2912; x_wconf 55' lang='lat'>13&#39;.</span> 
     </span>
    </p>
   </div>
   <div class='ocr_carea' id='block_1_11' title="bbox 172 2970 1200 3036">
    <p class='ocr_par' dir='ltr' id='par_1_12' title="bbox 172 2970 1200 3036">
     <span class='ocr_line' id='line_1_25' title="bbox 172 2970 1200 3036; baseline 0 -13"><span class='ocrx_word' id='word_1_159' title='bbox 172 2975 298 3024; x_wconf 84' lang='lat' dir='ltr'>Distoma</span> <span class='ocrx_word' id='word_1_160' title='bbox 314 2976 426 3024; x_wconf 83' lang='lat' dir='ltr'>Scirona</span> <span class='ocrx_word' id='word_1_161' title='bbox 441 2977 539 3026; x_wconf 76' lang='lat' dir='ltr'>Ilisso:</span> <span class='ocrx_word' id='word_1_162' title='bbox 559 2978 630 3026; x_wconf 81' lang='lat' dir='ltr'>Risi.</span> <span class='ocrx_word' id='word_1_163' title='bbox 649 2985 705 3026; x_wconf 86' lang='lat' dir='ltr'>nat.</span> <span class='ocrx_word' id='word_1_164' title='bbox 723 2980 757 3025; x_wconf 81' lang='lat' dir='ltr'>de</span> <span class='ocrx_word' id='word_1_165' title='bbox 775 2977 908 3036; x_wconf 81' lang='lat' dir='ltr'>l’Eurnpe</span> <span class='ocrx_word' id='word_1_166' title='bbox 925 2976 1070 3026; x_wconf 71' lang='lat' dir='ltr'>monidion.</span> <span class='ocrx_word' id='word_1_167' title='bbox 1089 2977 1121 3024; x_wconf 84' lang='lat' dir='ltr'>V.</span> <span class='ocrx_word' id='word_1_168' title='bbox 1140 2970 1200 3024; x_wconf 73' lang='lat'>262.</span> 
     </span>
    </p>
   </div>
   <div class='ocr_carea' id='block_1_12' title="bbox 126 3116 1309 3289">
    <p class='ocr_par' dir='ltr' id='par_1_13' title="bbox 126 3116 1309 3289">
     <span class='ocr_line' id='line_1_26' title="bbox 208 3116 1309 3189; baseline 0.003 -18"><span class='ocrx_word' id='word_1_169' title='bbox 208 3120 233 3171; x_wconf 82' lang='lat' dir='ltr'>ii</span> <span class='ocrx_word' id='word_1_170' title='bbox 244 3120 288 3174; x_wconf 85' lang='lat' dir='ltr'>ab</span> <span class='ocrx_word' id='word_1_171' title='bbox 300 3119 328 3172; x_wconf 87' lang='lat' dir='ltr'>it</span> <span class='ocrx_word' id='word_1_172' title='bbox 340 3133 385 3172; x_wconf 83' lang='lat' dir='ltr'>nc</span> <span class='ocrx_word' id='word_1_173' title='bbox 397 3119 437 3172; x_wconf 94' lang='lat' dir='ltr'>ul</span> <span class='ocrx_word' id='word_1_174' title='bbox 448 3135 466 3172; x_wconf 94' lang='lat' dir='ltr'>u</span> <span class='ocrx_word' id='word_1_175' title='bbox 475 3133 510 3174; x_wconf 89' lang='lat' dir='ltr'>ru.</span> <span class='ocrx_word' id='word_1_176' title='bbox 535 3120 770 3175; x_wconf 78' lang='lat' dir='ltr'>Ecbinorbious</span> <span class='ocrx_word' id='word_1_177' title='bbox 783 3119 946 3188; x_wconf 72' lang='lat' dir='ltr'>spinosus:</span> <span class='ocrx_word' id='word_1_178' title='bbox 967 3118 999 3173; x_wconf 89' lang='lat' dir='ltr'>in</span> <span class='ocrx_word' id='word_1_179' title='bbox 1019 3116 1197 3189; x_wconf 84' lang='lat' dir='ltr'>ventriculo,</span> <span class='ocrx_word' id='word_1_180' title='bbox 1211 3119 1309 3189; x_wconf 80' lang='lat' dir='ltr'>Aprili</span> 
     </span>
     <span class='ocr_line' id='line_1_27' title="bbox 126 3218 407 3289; baseline 0.011 -20"><span class='ocrx_word' id='word_1_181' title='bbox 126 3224 154 3269; x_wconf 86' lang='lat' dir='ltr'>et</span> <span class='ocrx_word' id='word_1_182' title='bbox 173 3220 256 3274; x_wconf 82' lang='lat' dir='ltr'>lulio</span> <span class='ocrx_word' id='word_1_183' title='bbox 277 3218 407 3289; x_wconf 75' lang='lat' dir='ltr'>(iliano).</span> 
     </span>
    </p>
   </div>
   <div class='ocr_carea' id='block_1_13' title="bbox 168 3390 991 3450">
    <p class='ocr_par' dir='ltr' id='par_1_14' title="bbox 168 3390 991 3450">
     <span class='ocr_line' id='line_1_28' title="bbox 168 3390 991 3450; baseline -0.001 -4"><span class='ocrx_word' id='word_1_184' title='bbox 168 3395 236 3446; x_wconf 69' lang='grc' dir='ltr'>κ.</span> <span class='ocrx_word' id='word_1_185' title='bbox 261 3391 493 3449; x_wconf 72' lang='lat' dir='ltr'>Bistonum</span> <span class='ocrx_word' id='word_1_186' title='bbox 515 3392 736 3450; x_wconf 73' lang='lat' dir='ltr'>deflectens</span> <span class='ocrx_word' id='word_1_187' title='bbox 755 3390 991 3450; x_wconf 73' lang='lat' dir='ltr'>annonam.</span> 
     </span>
    </p>
   </div>
   <div class='ocr_carea' id='block_1_14' title="bbox 118 3519 1306 3912">
    <p class='ocr_par' dir='ltr' id='par_1_15' title="bbox 118 3519 1306 3912">
     <span class='ocr_line' id='line_1_29' title="bbox 210 3519 1306 3609; baseline 0.002 -24"><span class='ocrx_word' id='word_1_188' title='bbox 210 3520 347 3607; x_wconf 80' lang='lat' dir='ltr'>Cor-pur</span> <span class='ocrx_word' id='word_1_189' title='bbox 356 3530 489 3590; x_wconf 88' lang='lat' dir='ltr'>ovatum</span> <span class='ocrx_word' id='word_1_190' title='bbox 505 3522 713 3609; x_wconf 87' lang='lat' dir='ltr'>depressum.</span> <span class='ocrx_word' id='word_1_191' title='bbox 727 3521 861 3589; x_wconf 75' lang='lat' dir='ltr'>Collum</span> <span class='ocrx_word' id='word_1_192' title='bbox 871 3519 1121 3588; x_wconf 85' lang='lat' dir='ltr'>teretiusculum</span> <span class='ocrx_word' id='word_1_193' title='bbox 1135 3523 1306 3607; x_wconf 78' lang='lat' dir='ltr'>reflexum,</span> 
     </span>
     <span class='ocr_line' id='line_1_30' title="bbox 118 3622 1306 3692; baseline 0.003 -6"><span class='ocrx_word' id='word_1_194' title='bbox 118 3631 307 3688; x_wconf 88' lang='lat' dir='ltr'>antrorsum</span> <span class='ocrx_word' id='word_1_195' title='bbox 326 3631 542 3690; x_wconf 84' lang='lat' dir='ltr'>attenuatum.</span> <span class='ocrx_word' id='word_1_196' title='bbox 570 3624 620 3690; x_wconf 84' lang='lat' dir='ltr'>Or</span> <span class='ocrx_word' id='word_1_197' title='bbox 635 3625 781 3690; x_wconf 87' lang='lat' dir='ltr'>anticum</span> <span class='ocrx_word' id='word_1_198' title='bbox 794 3623 989 3690; x_wconf 84' lang='lat' dir='ltr'>orbiculare.</span> <span class='ocrx_word' id='word_1_199' title='bbox 1000 3622 1232 3692; x_wconf 83' lang='lat' dir='ltr'>Acetobulnm</span> <span class='ocrx_word' id='word_1_200' title='bbox 1247 3644 1306 3690; x_wconf 90' lang='lat' dir='ltr'>ore</span> 
     </span>
     <span class='ocr_line' id='line_1_31' title="bbox 118 3725 1305 3810; baseline 0.003 -23"><span class='ocrx_word' id='word_1_201' title='bbox 118 3729 241 3807; x_wconf 85' lang='lat' dir='ltr'>majos,</span> <span class='ocrx_word' id='word_1_202' title='bbox 267 3746 422 3810; x_wconf 89' lang='lat' dir='ltr'>superum</span> <span class='ocrx_word' id='word_1_203' title='bbox 440 3726 483 3791; x_wconf 85' lang='lat' dir='ltr'>ad</span> <span class='ocrx_word' id='word_1_204' title='bbox 501 3725 579 3793; x_wconf 90' lang='lat' dir='ltr'>colli</span> <span class='ocrx_word' id='word_1_205' title='bbox 598 3727 715 3808; x_wconf 88' lang='lat' dir='ltr'>basio,</span> <span class='ocrx_word' id='word_1_206' title='bbox 739 3731 898 3810; x_wconf 80' lang='lat' dir='ltr'>apertura</span> <span class='ocrx_word' id='word_1_207' title='bbox 913 3726 1066 3810; x_wconf 78' lang='lat' dir='ltr'>oblonga.</span> <span class='ocrx_word' id='word_1_208' title='bbox 1090 3726 1227 3808; x_wconf 82' lang='lat' dir='ltr'>Longit.</span> <span class='ocrx_word' id='word_1_209' title='bbox 1251 3728 1305 3809; x_wconf 66' lang='grc' dir='ltr'>ξ”ς</span> 
     </span>
     <span class='ocr_line' id='line_1_32' title="bbox 119 3825 273 3912; baseline 0.006 -23"><span class='ocrx_word' id='word_1_210' title='bbox 119 3825 204 3891; x_wconf 91' lang='lat' dir='ltr'>latit.</span> <span class='ocrx_word' id='word_1_211' title='bbox 232 3829 273 3912; x_wconf 60' lang='grc' dir='ltr'>ζ’.</span> 
     </span>
    </p>
   </div>
   <div class='ocr_carea' id='block_1_15' title="bbox 170 3967 1303 4127">
    <p class='ocr_par' dir='ltr' id='par_1_16' title="bbox 170 3967 1303 4127">
     <span class='ocr_line' id='line_1_33' title="bbox 170 3967 1303 4033; baseline -0.004 -14"><span class='ocrx_word' id='word_1_212' title='bbox 170 3970 297 4019; x_wconf 77' lang='lat' dir='ltr'>Bistonia</span> <span class='ocrx_word' id='word_1_213' title='bbox 323 3972 474 4018; x_wconf 81' lang='lat' dir='ltr'>‹lenectens</span> <span class='ocrx_word' id='word_1_214' title='bbox 499 3969 647 4032; x_wconf 70' lang='lat' dir='ltr'>Rudolpbir</span> <span class='ocrx_word' id='word_1_215' title='bbox 669 3971 791 4033; x_wconf 72' lang='lat' dir='ltr'>synops.</span> <span class='ocrx_word' id='word_1_216' title='bbox 814 3971 883 4031; x_wconf 80' lang='lat' dir='ltr'>App.</span> <span class='ocrx_word' id='word_1_217' title='bbox 909 3969 971 4020; x_wconf 69' lang='grc'><strong>677.</strong></span> <span class='ocrx_word' id='word_1_218' title='bbox 998 3997 1029 4007; x_wconf 91' lang='grc'>-</span> <span class='ocrx_word' id='word_1_219' title='bbox 1050 3967 1205 4026; x_wconf 74' lang='lat' dir='ltr'>Droardin:</span> <span class='ocrx_word' id='word_1_220' title='bbox 1230 3967 1303 4016; x_wconf 78' lang='lat' dir='ltr'>iiiut.</span> 
     </span>
     <span class='ocr_line' id='line_1_34' title="bbox 220 4055 592 4127; baseline -0.003 -22"><span class='ocrx_word' id='word_1_221' title='bbox 220 4063 280 4127; x_wconf 37' lang='lat' dir='ltr'>&#39;nat</span> <span class='ocrx_word' id='word_1_222' title='bbox 299 4059 347 4104; x_wconf 80' lang='lat' dir='ltr'>des</span> <span class='ocrx_word' id='word_1_223' title='bbox 365 4058 512 4106; x_wconf 79' lang='lat' dir='ltr'>flelmintb.</span> <span class='ocrx_word' id='word_1_224' title='bbox 531 4055 592 4106; x_wconf 75' lang='lat' dir='ltr'>lli.</span> 
     </span>
    </p>
   </div>
   <div class='ocr_carea' id='block_1_16' title="bbox 121 4179 1301 4356">
    <p class='ocr_par' dir='ltr' id='par_1_17' title="bbox 121 4179 1301 4356">
     <span class='ocr_line' id='line_1_35' title="bbox 205 4179 1301 4256; baseline 0 -20"><span class='ocrx_word' id='word_1_225' title='bbox 205 4185 228 4237; x_wconf 90' lang='grc' dir='ltr'>ΙΙ</span> <span class='ocrx_word' id='word_1_226' title='bbox 241 4183 500 4240; x_wconf 75' lang='lat' dir='ltr'>abitaculum.</span> <span class='ocrx_word' id='word_1_227' title='bbox 527 4181 742 4256; x_wconf 78' lang='lat' dir='ltr'>Tbrpotlrorns</span> <span class='ocrx_word' id='word_1_228' title='bbox 757 4181 1005 4254; x_wconf 73' lang='lat' dir='ltr'>bppooontlmr:</span> <span class='ocrx_word' id='word_1_229' title='bbox 1028 4181 1059 4238; x_wconf 91' lang='lat' dir='ltr'>in</span> <span class='ocrx_word' id='word_1_230' title='bbox 1079 4179 1245 4255; x_wconf 85' lang='lat' dir='ltr'>intestinis,</span> <span class='ocrx_word' id='word_1_231' title='bbox 1269 4180 1301 4236; x_wconf 93' lang='lat' dir='ltr'>in</span> 
     </span>
     <span class='ocr_line' id='line_1_36' title="bbox 121 4282 613 4356; baseline 0.01 -23"><span class='ocrx_word' id='word_1_232' title='bbox 121 4282 251 4339; x_wconf 73' lang='lat' dir='ltr'>Brasilir</span> <span class='ocrx_word' id='word_1_233' title='bbox 268 4284 452 4356; x_wconf 67' lang='lat' dir='ltr'>(b&#39;altcrcr).</span> <span class='ocrx_word' id='word_1_234' title='bbox 476 4287 520 4342; x_wconf 83' lang='grc' dir='ltr'>Μ.</span> <span class='ocrx_word' id='word_1_235' title='bbox 534 4287 566 4342; x_wconf 80' lang='lat' dir='ltr'>C.</span> <span class='ocrx_word' id='word_1_236' title='bbox 578 4285 613 4340; x_wconf 86' lang='lat' dir='ltr'>V.</span> 
     </span>
    </p>
   </div>
   <div class='ocr_carea' id='block_1_17' title="bbox 0 0 1464 4800">
    <p class='ocr_par' dir='ltr' id='par_1_18' title="bbox 0 0 1464 4800">
     <span class='ocr_line' id='line_1_37' title="bbox 0 0 1464 4800; baseline 0 2"><span class='ocrx_word' id='word_1_237' title='bbox 0 0 1464 4800; x_wconf 95' lang='lat' dir='ltr'> </span> 
     </span>
    </p>
   </div>
  </div>
 </body>
</html>
