2918 4800
204 204 267 270 354

203 344 377 413 terminale
395 343 582 412 orbiculare
600 344 698 410 limbo
718 345 911 428 prominulo.
936 345 1166 414 Acetobnlrnn
1187 370 1245 415 ore
1267 351 1390 433 minus,

201 468 357 534 superum
381 447 422 512 ad
448 447 523 513 colli
546 446 666 531 basin,
697 454 854 531 apertura
878 450 1087 532 triangulari.
1122 452 1195 517 Nec
1209 453 1306 534 penis
1326 470 1390 516 nec

199 559 356 637 apertura
375 549 518 615 leminea
534 550 727 632 conspicua.
750 539 888 632 Longit.
909 554 1064 636 134⁰,
1087 552 1173 618 latit.
1198 551 1343 647 33-13‘2
1405 540 1406 543 “

284 693 577 750 liabitaculum
601 694 637 747 in
662 694 861 763 piscibus.
894 694 1002 752 Sulmo
1023 698 1169 768 europus
1190 715 1218 753 n.
1244 714 1289 767 sp.
1316 695 1385 768 (Νι.

175 874 180 881 .
196 799 245 854 70.
256 797 301 854 Μ.
313 795 362 870 C.)
374 797 419 851 :in
430 810 504 852 cavo
515 795 693 866 abdominis,
706 797 800 851 libere
811 801 864 853 aut
873 797 1010 854 folliculo
1019 799 1182 871 inclusum,
1198 799 1332 858 Octobri.
1346 830 1386 838 —

194 901 353 957 Salmonis
374 914 403 955 n.
429 915 475 969 sp.
500 897 566 969 (Νι.
589 899 639 955 47.
658 899 702 954 Μ.
721 898 788 971 C.):
812 900 842 955 in
864 901 1012 956 musculis
1029 901 1297 973 intereostalibus,
1323 901 1388 956 iol·

191 984 286 1058 honlo
308 1001 478 1072 inclusum,
502 1001 679 1072 Novembri,
702 1001 733 1056 io
753 1003 923 1075 intestinis,
948 1004 1102 1076 Augusto.
1127 1034 1169 1045 -
1192 1003 1388 1075 Geoptoyua

75 1090 81 1097 ’
189 1104 403 1176 Poppoterra:
414 1105 687 1160 intermenrbranas
697 1105 807 1174 pinnae
816 1106 947 1161 dorsalis
956 1107 1102 1162 etaoalis.
1115 1139 1143 1147 -
1157 1105 1382 1165 Choetotron-

188 1207 267 1265 etue
283 1207 470 1280 storacem:
494 1207 524 1263 in
549 1206 725 1275 intestinis,
747 1207 903 1280 Augusto.
927 1238 969 1250 -
992 1206 1188 1266 Greniciclrto
1208 1210 1381 1266 Joltanna:

190 1310 227 1365 ad
250 1309 441 1381 superficiem
456 1290 597 1365 ⁸vesicae
625 1309 814 1382 natatoriae,
846 1309 904 1366 sub
931 1314 1002 1366 cute
1029 1311 1123 1366 totins
1149 1312 1304 1382 corporis,
1340 1311 1381 1365 aii

187 1412 334 1469 branchia
352 1418 382 1467 et
399 1411 559 1482 pinnas,in
578 1411 717 1468 folliculo
733 1412 856 1468 humore
873 1413 1058 1468 flavescente
1077 1413 1205 1483 repleto,
1218 1413 1376 1484 Augusto.

186 1543 226 1556 -
250 1514 447 1574 cronicieltla
467 1509 620 1584 lepidotis:
644 1513 674 1568 in
693 1515 854 1584 superficie
871 1515 1095 1586 intestinorum,
1119 1511 1256 1570 folliculo
1274 1513 1376 1570 inelu-

184 1631 267 1690 snm,
292 1606 390 1687 Aprili
408 1616 437 1670 in
456 1594 587 1672 Brasilia
602 1612 797 1688 (Nottcrer);
821 1617 969 1688 primarie.

267 1773 428 1829 Formae
450 1767 624 1840 majores
647 1771 684 1826 in
708 1787 803 1827 aves
828 1772 1068 1829 translatae.
1094 1771 1218 1843 Longit.
1241 1768 1370 1841 3-7’”;

179 1874 259 1931 latit.
284 1868 431 1952 t-lssm.
454 1873 549 1931 Penio
569 1873 670 1929 brevis
689 1874 949 1946 papillaeiornris,
973 1873 1055 1928 haud
1083 1874 1191 1944 procul
1211 1874 1247 1929 ab
1266 1878 1373 1929 extre-

178 1977 282 2034 mitate
303 1977 435 2034 caudali.
456 1975 938 2033 -1uaoitaculurnrlroea
959 1972 1026 2048 (Νι.
1050 1978 1101 2032 Vl.
1123 1977 1210 2032 ltlus.
1232 1974 1375 2047 lierol.):

177 2080 208 2135 in
231 2080 383 2154 faucibus,
399 2079 495 2151 palati
516 2083 546 2136 et
562 2079 688 2153 linguae
702 2077 849 2135 lateribus
865 2081 1011 2152 gregorie
1030 2079 1222 2150 adhaerens,
1239 2077 1324 2145 Maio
1339 2079 1371 2133 in

178 2183 310 2238 Brasilia
333 2179 477 2255 (visera).
504 2211 540 2220 -
566 2183 695 2239 aeonio
713 2183 911 2238 omericana:
934 2181 965 2236 in
985 2182 1184 2255 oesophago,
1208 2178 1308 2250 Maio,
1333 2184 1365 2234 et

176 2281 213 2343 0.
226 2286 397 2359 Myrten'a:
421 2285 451 2339 in
471 2285 669 2358 oesophago,
691 2284 788 2354 Aprili
809 2291 838 2340 et
854 2284 950 2357 Julio,
966 2283 998 2340 in
1017 2283 1150 2340 llrasilla
1167 2277 1363 2354 (Nollem),

175 2402 242 2442 cum
261 2386 397 2477 piscibus
417 2387 562 2445 comestis
587 2386 743 2442 translata.

227 2518 353 2569 Diatorna
374 2519 558 2581 marginalem
580 2518 730 2580 lludotpii:
751 2521 871 2581 syricus.
894 2522 961 2582 App.
980 2520 1040 2568 680.
1062 2545 1092 2553 -
1113 2518 1269 2577 Drtjnrdin:
1290 2518 1364 2566 illst.

281 2612 335 2655 nat.
353 2609 403 2655 dea
420 2606 570 2655 llelnrinth.
588 2603 650 2655 ¹146.

262 2725 419 2791 Forma
449 2722 729 2791 secundaria.
774 2724 911 2811 Corpus
948 2724 1172 2790 lanceolatum
1211 2724 1364 2810 planum,

171 2828 412 2914 longissimum.
442 2825 575 2893 Collum
600 2844 751 2892 erassum
768 2825 1096 2914 depressiuseulum,
1121 2827 1246 2913 breve,
1264 2830 1363 2912 apice

170 2937 369 2998 truncatum.
399 2930 448 2997 Oa
465 2929 638 2995 terminale
659 2930 846 2997 orbiculare
871 2929 970 2994 limbo
999 2930 1196 3016 prominulo.
1229 2929 1364 2996 Acetu-

173 3032 289 3101 bulnm
304 3053 362 3100 ore
379 3035 510 3117 minus,
534 3052 690 3118 superum
710 3031 753 3099 ad
777 3033 854 3101 colli
872 3034 1005 3118 basin,
1026 3039 1184 3118 apertura
1208 3035 1363 3116 triangu-

170 3135 245 3201 lari.
258 3136 366 3204 Penta
384 3143 564 3220 retractus,
575 3142 610 3201 et
619 3143 777 3221 apertura
792 3138 936 3204 leminea
952 3132 1040 3201 haud
1055 3134 1170 3220 procul
1189 3136 1229 3200 ab
1246 3142 1363 3202 extre-

171 3240 286 3305 mitate
305 3237 448 3306 caudali.
475 3240 611 3322 Longit.
635 3242 771 3326 3—4”3
794 3241 881 3306 latit.
905 3237 947 3306 ad
967 3238 1016 3304 at.

256 3382 551 3447 liabitaculnm.
575 3381 685 3440 Ardea
700 3385 813 3441 Conci:
836 3385 867 3440 in
887 3381 1098 3456 oesophagum
1122 3383 1288 3455 translata,
1310 3383 1359 3438 si·
1421 3431 1424 3438 .

167 3482 229 3538 mul
243 3496 311 3538 eum
331 3484 424 3538 forma
440 3484 654 3558 praecedente,
666 3486 827 3543 Novembri
844 3492 874 3544 et
892 3485 1051 3544 liecenarri
1070 3484 1100 3540 in
1122 3483 1359 3554 lirasiliatNat-

167 3582 274 3658 term).
299 3586 344 3643 Μ.
357 3586 390 3643 c.
402 3588 439 3642 V.

219 3700 323 3752 corrier
339 3702 421 3751 etiam
435 3703 589 3752 Diatomum
609 3707 811 3764 complanctum
826 3706 936 3755 Ardeae
952 3706 1091 3756 cinereae.

208 3849 278 3904 ΟΩ.
301 3847 537 3903 Bistonium
559 3849 821 3917 varietatum
840 3849 1076 3909 nunonem.

253 3960 391 4046 corpor
407 3959 598 4049 elongatum
611 3959 809 4048 depressum
818 3966 1002 4028 retrorsum
1013 3965 1227 4046 angustatum
1236 3964 1354 4023 rotun-

164 4058 288 4130 lotum.
317 4063 451 4132 Calicem
467 4063 607 4151 lineare,
625 4071 814 4131 antrorsum
830 4082 947 4149 porum
965 4070 1183 4146 attenuatum,
1202 4061 1353 4141 longitu-

164 4160 242 4230 dine
260 4164 331 4231 tere
346 4169 510 4252 corporis.
538 4166 587 4234 Oa
606 4165 845 4234 subterminale
861 4157 1007 4234 anticum
1031 4161 1226 4229 orbiculare.
1260 4160 1354 4227 Ace-

163 4262 317 4332 tabulum
335 4285 395 4336 ore
413 4267 512 4335 multo
532 4271 663 4354 minua,
687 4268 729 4336 ad
750 4267 830 4336 colli
857 4269 975 4349 basin,
1006 4266 1164 4347 apertura
1184 4263 1351 4353 circulari,
