2918 4800
119 172 141 236 l

79 394 82 399 ,
121 333 192 385 ano
210 309 370 408 stipatus
393 308 636 405 (Proetuclra
656 335 688 384 a.
712 309 941 385 Enterodela
958 310 1275 412 morantem(

121 448 294 526 superum
328 435 391 498 aut
417 424 625 517 terminale,
656 425 865 507 adoptatum
893 433 957 500 aut
983 425 1144 502 dentium
1172 450 1275 504 coror

121 543 266 619 interna
276 540 602 616 circumvallatum.
622 586 664 596 —
682 542 901 639 Ftoycllum
916 541 1133 642 (proboscis
1151 541 1277 620 Ekron

121 658 225 755 dorp.
237 656 336 729 filum
357 655 506 754 longum
517 681 614 756 pone
633 658 697 753 os)
715 656 861 733 unicum
878 655 1073 759 amplum,
1094 657 1279 735 retractili

121 772 303 848 vibrantia
325 771 377 866 (in
403 769 611 869 utplurimis
638 772 819 871 aproctis)
843 783 907 855 aut
928 771 1063 848 nullum
1086 774 1141 870 (in
1158 785 1280 874 prootr

122 888 235 985 chia).
265 933 310 943 -
333 885 486 962 Ocellua
510 885 634 962 nullus
658 896 722 961 aut
746 887 898 979 unicus,
926 887 1159 989 utplurimum
1188 889 1280 966 rube

121 1003 313 1079 rarissime
336 1001 453 1099 niger.
473 1045 514 1054 —
535 998 784 1079 Aeetabulum
800 1000 948 1076 nullum.
969 1002 1121 1100 Organa
1135 1003 1283 1103 genitali

120 1117 287 1196 mascula
307 1140 487 1215 nunquam
499 1127 663 1208 exserta,
682 1119 875 1216 utriusque
896 1140 1013 1192 nexus
1029 1117 1065 1191 in
1081 1143 1154 1194 uno
1176 1119 1284 1212 iudivi

121 1235 195 1309 duo
215 1232 500 1331 (Androgyna).
517 1231 743 1333 Propagatio
762 1233 994 1332 utplurimum
1010 1255 1076 1331 per
1092 1233 1284 1311 divisioner

123 1358 374 1448 spontaneam,
387 1369 453 1444 per
468 1369 645 1443 gemmas,
658 1348 779 1422 rarius
789 1370 856 1447 per
871 1346 983 1423 ovula
993 1348 1205 1453 (velpotius
1222 1375 1285 1448 spo

123 1460 270 1553 rulaal)
290 1460 480 1534 rarissime
496 1484 564 1559 per
581 1462 799 1563 uiuipartum
812 1461 1186 1562 (Monasriripara.).
1206 1466 1286 1538 Divi

123 1579 231 1655 aione
259 1575 468 1653 animalculi
491 1599 587 1651 nunc
618 1577 785 1676 perfecta
812 1576 1005 1652 individua
1024 1601 1121 1655 nunc
1146 1579 1286 1654 solitari

123 1718 158 1768 v.
182 1693 327 1771 nonnisi
353 1690 545 1793 periodica
568 1700 792 1790 aggregata,
821 1715 917 1768 nunc
946 1692 1164 1790 imperfecta
1191 1692 1287 1792 longi

124 1808 279 1884 todinali
302 1820 366 1883 aut
387 1819 604 1883 transversa
621 1808 657 1881 in
673 1810 912 1905 matheriam
930 1806 1016 1906 plus
1039 1808 1158 1881 minus
1180 1807 1288 1904 globo

124 1949 205 2000 aum
227 1932 291 1998 aut
310 1922 453 1999 lineare
475 1924 745 1999 accrescentia.
774 1923 953 1998 horicata
977 1921 1157 1998 interdum
1186 1945 1289 1996 nume

125 2064 232 2132 rosa,
267 2041 362 2115 intra
395 2038 547 2113 loricam
565 2061 790 2115 communem
817 2035 1020 2137 simplicem
1043 2046 1105 2111 aut
1129 2034 1291 2140 duplice}

126 2161 390 2255 oyuococoium
408 2139 616 2229 formantia.

226 2270 462 2347 Animalcula
489 2270 632 2344 minima
657 2267 925 2367 longitudinem
945 2270 979 2354 ξ’
996 2268 1062 2342 vix
1081 2264 1293 2343 excedentia

128 2386 363 2486 utplurimum
382 2384 519 2476 albida,
538 2383 672 2460 viridia
692 2384 815 2459 rarius
833 2384 944 2459 rubra
960 2406 995 2456 r.
1013 2381 1135 2458 viride
1152 2390 1190 2458 et
1206 2382 1294 2457 rubr

127 2503 341 2600 variegata,
367 2501 518 2600 hyalina
539 2509 603 2575 aut
622 2521 750 2600 opaca.
780 2498 970 2597 Aquarum
988 2495 1151 2573 dulcium
1169 2506 1207 2573 et
1226 2496 1295 2571 sali

130 2640 256 2692 narum
279 2615 445 2707 incolae,
468 2636 537 2693 nec
560 2640 631 2693 non
646 2617 685 2691 in
704 2636 864 2713 corpore
886 2610 1033 2686 animali
1050 2611 1137 2686 viro
1164 2611 1296 2687 obviae

129 2730 309 2830 quaedam
331 2729 492 2808 fossilia.
521 2732 751 2807 Morinorum
782 2726 958 2805 nonnulla
987 2734 1100 2804 noctu
1119 2723 1298 2825 splendid

128 2846 305 2922 lucentia.
326 2845 563 2924 Proctuclrao
587 2845 807 2948 praeprimis
829 2841 1147 2918 uuruouariarum
1164 2847 1205 2916 et
1223 2838 1299 2916 inte

129 2961 219 3039 illos
240 2962 494 3039 Planariarum
513 2969 723 3064 prototypa.
907 2958 910 2962 ‘
