2918 4800
129 251 153 300 Χ

131 372 234 454 uoldi
254 383 291 452 et
305 373 454 456 Stennii
464 376 729 473 institutiones,
746 402 840 479 quas
860 377 1058 455 ediderunt
1074 377 1122 454 de
1139 388 1271 459 anator

128 511 380 612 comparativa
397 513 729 592 Avertebratorum
741 542 751 605 ς
765 512 810 609 a)
821 511 1002 589 historiae
1018 536 1108 590 voro
1129 512 1272 593 literani

128 643 291 724 studiosi
309 656 541 725 monumenta
556 649 753 726 consulant
775 647 943 723 literaria
964 646 1013 723 ad
1035 647 1203 744 cujusvis
1229 672 1273 748 sp

125 779 199 860 ciei
213 779 355 859 calcem
371 781 498 859 addita
513 788 552 859 et
572 781 753 874 omnibus,
772 791 944 882 quantum
964 780 1111 880 quidem
1140 779 1223 858 fieri
1247 804 1273 882 p

126 914 217 1007 tuit,
244 916 407 993 numeris
427 914 610 993 obsolute.
638 915 753 1008 Tum,
774 940 820 993 ne
833 916 870 990 in
891 915 964 991 line
979 915 1106 1016 operis
1125 922 1274 992 auctoru

124 1047 355 1149 singulorum
375 1047 519 1125 nomina
533 1059 863 1129 commemorentur
879 1072 1081 1150 eorumque
1099 1048 1240 1150 scripta
1260 1072 1275 1127 t

121 1183 198 1284 glis
218 1183 438 1284 significata,
451 1183 635 1285 simulque
653 1193 693 1260 ut
709 1185 867 1262 habeant
883 1184 1037 1277 tironos,
1059 1183 1159 1284 quod
1174 1205 1275 1261 const

123 1314 264 1408 lerent‚
298 1317 335 1392 in
366 1326 557 1396 auctorum
578 1320 730 1421 scriptis
766 1318 924 1397 citandis
956 1318 1050 1411 alia,
1087 1342 1193 1419 quam
1213 1316 1275 1395 sol

123 1448 217 1543 fieri,
233 1473 353 1552 eaque
373 1453 552 1554 anrpliore
570 1454 714 1532 ratione
727 1454 899 1532 utendum
913 1453 1000 1530 milri
1018 1477 1107 1530 esse
1125 1452 1275 1530 constitu

224 1586 387 1665 Ordines
415 1611 527 1680 vero,
554 1612 623 1666 nec
648 1612 720 1665 non
751 1611 892 1686 genera
923 1597 962 1664 et
985 1588 1137 1690 species
1168 1586 1275 1666 deson

122 1720 217 1797 bens
243 1723 408 1801 terminis
431 1726 578 1823 jamjam
603 1724 766 1823 receptis
792 1730 1007 1799 constanter
1032 1747 1127 1797 usus
1148 1747 1275 1817 sum,r

124 1856 273 1954 quoties
298 1881 394 1959 oprrs
420 1858 638 1949 ridebatur,
665 1855 971 1957 significationem
1001 1875 1167 1952 quoque,
1206 1879 1275 1953 qua

123 1987 254 2083 dicam,
272 1999 481 2070 concretam
498 1991 620 2092 adjeci
637 2001 675 2068 et
691 2016 757 2093 per
778 1988 1023 2092 parentheses
1042 1986 1211 2086 seposui.
1230 1986 1277 2060 Dr

122 2122 255 2224 nique,
282 2148 378 2226 quae
404 2124 629 2222 animalcula
651 2133 873 2203 vetustatem
903 2123 1027 2200 serunt
1055 2130 1093 2197 et
1119 2143 1278 2196 asserva

122 2417 356 2493 cognoscere
375 2397 461 2472 milri
480 2397 603 2489 liouit,
629 2398 667 2471 in
686 2396 872 2485 locorum,
898 2393 936 2468 in
960 2393 1095 2492 quibus
1120 2389 1278 2467 invenior

122 2536 202 2621 tur,
229 2528 371 2623 indice,
398 2539 473 2606 tum
501 2531 674 2633 adposito
701 2530 845 2606 nomine
867 2552 949 2605 meo
975 2536 1070 2618 tum,
1103 2523 1136 2598 si
1164 2522 1276 2622 quide

124 2686 173 2739 ex
201 2685 243 2740 re
269 2663 350 2740 fore
371 2666 560 2767 putabam,
589 2665 700 2764 siglis
718 2667 773 2739 M.
802 2663 847 2743 O.
867 2663 917 2738 V.
939 2661 1058 2753 (llus.
1080 2658 1195 2736 Caes.
1216 2656 1279 2732 Vir

122 2796 356 2897 dobonense)
373 2799 573 2898 diligenter
589 2797 810 2898 significavi.

223 2933 263 3007 ln
279 2933 505 3034 colligendis
521 2935 685 3035 scriptis,
705 2954 800 3032 quae
819 2952 898 3006 eaor
911 2928 1030 3028 ipsam
1044 2949 1121 3002 rem
1142 2934 1280 3025 pertrat

121 3075 199 3144 tant
221 3077 260 3145 et
282 3068 319 3144 in
353 3069 473 3148 luceru
491 3068 727 3171 prodierunt,
756 3063 873 3167 probo
896 3071 1008 3161 atque
1036 3061 1194 3162 impigro
1220 3084 1280 3136 sar

124 3204 249 3281 studio
276 3204 431 3296 ductus,
460 3204 530 3279 uisi
555 3201 782 3304 paucissima
806 3221 926 3298 eaque
952 3197 1103 3273 minoris
1129 3195 1210 3272 fere
1235 3221 1281 3270 nrt

122 3336 234 3413 menti
255 3363 326 3414 nou
342 3339 642 3440 praetermisisse
663 3359 879 3436 quamquam
893 3331 979 3407 milri
995 3329 1138 3415 videor,
1156 3325 1236 3398 fieri
1257 3333 1281 3398 tr

122 3493 205 3546 mon
225 3473 356 3573 potuit,
383 3482 424 3546 ut
440 3472 587 3548 biennio
603 3470 712 3547 modo
732 3470 882 3571 elapso,
911 3471 1109 3564 propterea
1128 3457 1227 3560 quod
1245 3484 1282 3560 pr

122 3603 245 3683 blicae
260 3604 474 3682 discordiae
501 3615 540 3681 et
566 3604 711 3680 iuterna
735 3603 896 3682 discidia
922 3594 1163 3676 solertissimi
1184 3595 1283 3690 cujus

124 3763 197 3840 que
212 3739 368 3815 animum
392 3741 548 3816 maxime
566 3740 758 3838 agitavere
774 3738 1039 3831 literarumque
1056 3724 1284 3806 commercia:

123 3873 369 3954 miserandum
384 3874 420 3949 in
438 3873 581 3950 modurn
604 3874 824 3964 haesitabat,
842 3895 951 3946 unum
965 3867 1169 3960 alterumve
1185 3884 1285 3937 menn

173 4170 204 4253 ⁸⁸)
227 4173 381 4240 steooto'r
397 4181 460 4239 und
478 4166 644 4253 scaenica
664 4174 827 4237 hehrbuolr
848 4173 902 4230 der
918 4165 1180 4246 vorgleiohenden
1194 4163 1287 4223 Anat<

179 4360 181 4366 Ι
224 4281 283 4343 mie
304 4285 358 4343 der
376 4283 572 4343 wirhallosen
589 4281 709 4345 uniens.
732 4280 757 4342 1.
775 4277 864 4337 unam
881 4277 937 4335 dee
956 4267 1241 4340 cesammtwerkes.
