2918 4800
129 243 182 294 m

128 366 223 443 firmi
242 366 278 443 in
297 369 390 448 orbe
404 379 583 453 terrarum
594 378 800 474 videbatur,
813 404 886 480 quo
905 389 1029 460 tantae
1039 384 1177 486 ubique
1192 410 1231 465 ru

21 580 25 585 ,
128 500 386 581 minitabantur
403 516 441 584 et
463 510 572 613 ipsae
599 535 746 614 quoqne
769 524 921 613 gentes,
948 516 1173 617 posthabitis
1199 544 1232 599 sr

128 635 438 718 mioribnsliteris
454 653 493 721 et
507 646 644 724 studiis
660 647 810 748 antiqua
819 650 1035 751 perversum
1047 648 1150 727 ibant
1163 676 1233 731 nor

126 792 201 872 que
220 793 341 848 rernm
361 774 525 855 ordinem
542 779 797 875 moliebantur,
807 782 905 860 bunc
924 806 1042 861 meum
1052 782 1156 884 longi
1173 785 1234 865 lab

127 904 285 984 fructum
304 908 483 986 secundis
507 913 609 990 curis
634 915 732 991 tueri
760 914 971 992 decreverit
995 941 1041 995 ac
1067 938 1138 995 sno
1165 942 1234 997 aer

124 1038 246 1119 lucem
272 1041 447 1120 emiserit.
479 1044 545 1122 idn
570 1051 678 1149 cujus
701 1050 756 1126 rei
782 1073 968 1128 successu
986 1052 1122 1128 utinam
1141 1057 1235 1156 majo

125 1175 307 1279 percipiat
324 1176 501 1274 tructam,
526 1206 633 1281 qnam
658 1205 707 1260 ex
726 1207 806 1260 mea
832 1193 961 1285 utpote
985 1185 1203 1265 sincerrima
1226 1215 1234 1289 p

124 1310 255 1388 tiarnm
282 1310 572 1414 significatione,
609 1340 715 1416 quam
747 1318 818 1394 nisi
847 1318 973 1396 verbis
1002 1319 1185 1398 exhibere
1216 1323 1234 1399 b

125 1469 234 1545 queo.
913 1520 919 1529 .

224 1577 378 1671 Restat,
404 1589 445 1656 ut
475 1582 713 1661 sanctissimo
741 1585 1007 1664 satisfacturus
1039 1587 1162 1667 officio
1189 1588 1232 1666 V«

127 1712 277 1806 amicis,
318 1738 413 1814 quos
446 1718 627 1795 nominem
662 1716 951 1809 dilectissimos,
988 1721 1072 1796 sive
1104 1722 1201 1799 vivis

125 1846 278 1924 mortuis
295 1872 363 1953 pro
380 1848 561 1928 facilitate
580 1851 721 1929 Vestra
742 1875 787 1928 ac
805 1849 1030 1927 liberalitate
1048 1851 1085 1925 io
1113 1875 1230 1929 comm

125 1980 255 2062 candia
278 2005 417 2061 mecum
446 1994 501 2063 tot
528 2009 596 2087 per
624 2010 742 2063 annos
772 1983 1116 2074 observationibus,
1145 2008 1231 2084 quar

124 2137 201 2193 rem
221 2140 338 2194 meam
356 2142 581 2222 magnopere
599 2120 804 2211 iaciebant,
834 2117 1010 2194 maximas
1038 2140 1131 2218 quas
1157 2139 1228 2217 pos

123 2251 266 2353 gratias
284 2252 452 2330 referam.
480 2254 660 2357 imprimis
679 2253 799 2331 animo
818 2253 986 2352 graviter
1008 2252 1142 2330 affecto
1171 2274 1228 2329 me

123 2386 712 2489 praestantissimeRremserc,
724 2386 812 2480 Tui,
823 2387 885 2487 qui
896 2386 957 2463 'l’e
968 2387 1182 2486 magistrum
1192 2413 1230 2460 m·

125 2544 273 2622 semper
292 2521 552 2599 amicissimum
571 2523 657 2600 mibi
677 2520 882 2627 praebuisti
906 2519 955 2595 ad
974 2528 1176 2596 extremum
1194 2546 1229 2595 ur

123 2657 224 2731 vitae
250 2655 357 2731 diem.
386 2655 533 2748 Quanto
560 2667 632 2731 tum
660 2655 792 2732 dolore
819 2652 998 2733 recordor
1028 2652 1229 2729 Endliob

125 2789 262 2881 nostri,
298 2789 367 2863 viri
407 2789 556 2889 iugenio
590 2790 836 2892 praestantis,
872 2788 979 2864 aorici
1013 2786 1194 2862 scientiae

124 2923 209 3001 onio
238 2946 378 3000 mecum
405 2924 530 3000 intime
551 2926 691 3024 juncti,
722 2922 783 3023 qni
818 2921 905 2997 mibi
933 2928 1064 2995 auctor
1091 2917 1229 2995 exstitit

122 3059 297 3160 princeps
323 3057 370 3133 ad
396 3082 491 3159 opus
519 3059 591 3134 boc
622 3038 917 3158 suscipiendum,
944 3055 1006 3155 qui
1029 3077 1069 3129 re
1091 3061 1128 3128 et
1152 3075 1228 3128 com

123 3192 347 3270 laborantem
377 3215 432 3270 rue
459 3192 637 3292 adjuvare
660 3216 849 3290 numquam
872 3188 1099 3289 defatigatus
1126 3196 1195 3263 est.
1222 3199 1227 3248 t

123 3326 193 3402 bus
220 3328 380 3427 denique
397 3329 523 3402 verbis
541 3326 695 3399 animum
723 3324 917 3399 exhibeam
936 3321 1186 3425 gratissimum
1213 3316 1227 3392 Ἴ

124 3460 260 3561 optime
276 3458 459 3551 Fenzli,
480 3460 676 3534 amicorum
697 3458 932 3548 amicissime,
953 3459 1060 3553 cujus
1087 3476 1160 3552 ego
1180 3477 1226 3525 uu

125 3595 214 3669 rima
233 3593 441 3669 infirmitate
468 3592 611 3669 fractus
633 3591 908 3691 promptissimo
933 3587 1104 3665 subsidio
1122 3589 1227 3686 jncur

125 3726 359 3831 perfruebar,
384 3727 444 3825 qui
469 3725 595 3826 operis
619 3726 690 3801 mei
712 3722 1004 3825 typographicas
1027 3728 1153 3821 partes
1179 3740 1227 3793 cu

125 3861 389 3941 molestissima
404 3883 573 3959 quaeque
592 3860 628 3933 in
650 3858 885 3958 corrigendis
904 3854 1025 3931 literis
1047 3860 1176 3954 parato
1195 3873 1229 3924 ar

126 3997 274 4076 subiisti
297 4005 334 4075 et
355 3993 452 4096 qood
476 3996 613 4091 majus,
642 4016 792 4098 errores
814 3989 899 4066 binc
926 3998 964 4066 et
985 3986 1072 4063 indo
1099 3984 1229 4062 obvios

126 4130 212 4203 Tua
234 4130 444 4207 eruditione
465 4127 601 4205 sedrdo
627 4126 844 4204 emendasti.
872 4123 1018 4202 Utinam
1042 4119 1122 4210 Tu,
1149 4139 1229 4194 acer

126 4261 218 4343 sima
238 4263 344 4341 modo
367 4254 574 4372 perpessus
593 4261 719 4336 divina
741 4260 862 4366 gratia
880 4258 1011 4341 merita
1031 4249 1223 4360 receperis
