2918 4800
523 430 674 479 Genera
701 427 949 490 inquirente·
1043 428 1046 434 '

294 599 448 666 XXXII.
477 597 682 668 bisontis
703 596 867 665 ΗΕΜ-Ρ.
891 589 927 666 et
945 596 1170 666 nnuman.

227 770 363 858 Corpore
382 771 643 857 teretiueculum,
653 770 803 839 obsoleto
817 769 1021 857 annulatum,
1032 777 1193 857 proteum.
1207 772 1323 860 Caput

139 875 268 958 corpori
295 876 496 942 continuum.
519 875 569 943 Oa
591 875 775 941 terminale.
804 873 917 942 Ocellt
938 893 1001 940 sex
1027 874 1130 940 antici
1144 872 1213 939 bini
1229 882 1325 959 post-

138 977 239 1060 positi
260 977 423 1063 paralleli.
445 978 720 1044 Anuabasilaris
732 975 934 1062 Aperturae
952 976 1162 1059 genitales..
1178 1026 1185 1041 .
1199 1016 1236 1028 -
1249 982 1326 1046 Ma-

137 1077 274 1146 riculae.

182 1244 221 1298 1.
244 1244 420 1299 ninom
441 1240 592 1297 vlrlells
614 1239 750 1296 ΗΕΜΡ.
775 1244 807 1294 et
827 1238 1020 1295 EHRENB.

230 1370 367 1455 eorpus
386 1369 637 1452 subelavutum,
661 1368 817 1452 utrinque
837 1373 1019 1433 retrorsum
1042 1372 1149 1453 magn's
1169 1376 1327 1438 attenua-

140 1481 228 1557 tum,
252 1469 372 1538 vinde.
400 1469 512 1537 Ocetlr'
527 1471 638 1552 magni
658 1470 757 1552 nigri.
780 1471 916 1566 Ifongit.
935 1472 987 1555 {''.

193 1614 315 1664 nisurus
332 1611 433 1660 viridia
451 1610 643 1673 isanparto
660 1608 838 1674 abneptem:
859 1611 955 1674 1γωί).
972 1614 1054 1676 playa.
1075 1613 1191 1676 Phytoz.
1215 1617 1327 1666 turbell.

249 1702 297 1751 Νι.
317 1695 360 1748 ll.
382 1699 405 1747 l.
426 1699 492 1747 Tab.
512 1697 546 1746 V.
565 1695 591 1748 I.

228 1823 529 1886 liabitaculum.
552 1824 636 1880 Inter
651 1821 785 1897 coraula
803 1823 894 1880 maria
909 1825 992 1882 rubri
1011 1841 1105 1898 prope
1128 1829 1188 1886 Tor
1213 1826 1327 1902 (Hem-

76 1986 84 1999 ,
137 1931 229 2004 prteb
243 1937 274 1988 et
289 1923 500 1998 Ebreaberp).

202 2145 376 2216 XXXIII.
401 2140 753 2214 onTflosuomnm
776 2141 939 2208 IIIIMP.
965 2146 1000 2208 et
1021 2141 1250 2210 EHIIIINB.

229 2316 366 2402 Corpus
382 2316 573 2397 elongatum
589 2312 842 2378 teretiuseulum
864 2319 1034 2400 proteum,
1056 2314 1144 2383 ciliis
1160 2316 1329 2384 vibranti-

139 2421 202 2486 bus
223 2419 392 2484 munitum.
418 2415 537 2501 Caput
550 2415 681 2507 corpori
700 2416 900 2481 continuum.
931 2415 1045 2486 Orelli
1060 2418 1151 2485 nulli.
1184 2419 1235 2488 Oe
1255 2426 1327 2487 ter-

139 2520 279 2608 minale,
304 2538 389 2586 anus
409 2519 459 2584 ori
485 2515 725 2583 diametraliter
741 2519 928 2602 oppositus.
960 2519 1163 2606 Aperturoe
1189 2525 1325 2607 genita-

140 2625 256 2691 les...
280 2660 323 2672 -
343 2625 516 2710 Aquarum
532 2619 674 2687 dulcium
688 2620 838 2707 incolae,
862 2621 961 2692 dubie
978 2642 1022 2690 an
1038 2624 1228 2693 maricolae.

186 2824 223 2878 1.
246 2824 560 2880 orthoutemum
582 2820 839 2890 perimendum
852 2821 988 2881 ΗΕΜΡ.
1013 2827 1044 2878 et
1064 2822 1257 2879 unauna.

228 2968 366 3051 Corpus
381 2969 537 3051 utrinque
555 2965 723 3059 obtusum,
755 2966 948 3051 aequabile,
973 2967 1161 3051 hyalinum,
1190 2966 1332 3050 pelluci-

142 3070 237 3153 dum,
262 3070 317 3131 ani
334 3067 432 3152 plicis
446 3066 743 3132 verrneitormibus
760 3069 866 3132 n-e.
886 3068 1022 3148 Longit.
1041 3070 1101 3151 {‘'3
1124 3066 1209 3131 latit.
1229 3069 1280 3153 {''.

195 3207 373 3256 Orthostonra
389 3203 558 3267 pellucidum
574 3203 725 3265 Hemprr'cb
748 3184 774 3249 et
794 3201 972 3267 Ebrenberp:
992 3206 1087 3268 Symb.
1112 3208 1193 3269 phys.
1215 3158 1330 3271 Phytoz.

248 3294 361 3343 turbell.
378 3293 411 3341 N.
426 3293 470 3341 88.
482 3290 549 3339 lab.
562 3289 597 3338 V.
616 3289 686 3338 1.-
703 3289 835 3340 Oersted:
856 3289 883 3338 ln
895 3290 1029 3352 mper’a
1047 3293 1200 3343 Naturbist.
1218 3295 1330 3346 Tidaalr.

248 3381 295 3430 lv.
315 3384 376 3432 bat.
394 3381 423 3431 in
444 3383 520 3445 nota,
538 3382 582 3428 etr
602 3377 696 3428 Entw.
721 3376 801 3427 einer
817 3381 932 3440 aretem.
949 3379 1044 3430 Eintb.
1065 3384 1090 3430 n.
1109 3383 1220 3432 Plattw.
1240 3381 1284 3436 rt.
1304 3384 1332 3434 in

249 3477 323 3521 nola.

225 3594 522 3654 Habiiaonlum.
547 3593 582 3649 In
611 3591 700 3665 equis
715 3591 778 3649 Nili
796 3592 957 3667 Dongolae
976 3594 1056 3651 inter
1071 3597 1239 3655 conservas
1262 3613 1330 3657 cum

140 3699 367 3774 Polygastricls
385 3704 415 3757 et
434 3694 603 3754 Rotetbrlia
619 3691 803 3766 (flemprr'eb
819 3701 852 3754 et
870 3695 1081 3769 mareotem).

193 3836 280 3886 »Sunt
296 3835 409 3897 aliquae
429 3827 689 3892 l’olpgaatricornrn
706 3827 811 3877 formae
828 3829 892 3880 bule
912 3832 1057 3881 admodum
1079 3831 1208 3898 similes,
1228 3835 1259 3880 nt
1274 3832 1334 3884 ilo·

138 3923 257 3984 iopnrya
273 3921 403 3983 ambigua
423 3918 454 3965 N.
474 3916 637 3977 (Enchelya
652 3916 782 3977 amblgua
797 3915 913 3974 mlier)
934 3923 960 3968 et
971 3918 1113 3967 Tracbelii
1131 3918 1271 3986 nonnulli,
1282 3923 1333 3969 aed
1362 3981 1364 3985 ⁷

137 4011 190 4058 Irae
207 4015 303 4070 aperte
321 4021 417 4057 omnies
436 4004 648 4067 polygaetricae
666 4007 757 4052 anub·

192 4116 251 4168 »Ex
267 4120 399 4176 apertura
413 4110 489 4160 anati
513 4109 614 4156 animal
633 4110 809 4155 excrementa
826 4107 950 4158 deficere
971 4115 998 4158 et
1014 4111 1073 4161 orla
1090 4114 1247 4174 aperturam
1267 4113 1333 4160 sob-

139 4205 300 4267 rotundam,
321 4202 451 4250 inermem
471 4194 603 4244 vidimus.
624 4195 715 4242 Semel
732 4197 794 4254 post
812 4193 917 4243 electas
936 4197 1030 4247 faeces
1054 4211 1085 4246 ex
1107 4210 1160 4247 ano
1178 4198 1331 4249 cornorum

142 4288 267 4339 brerlnm
284 4301 414 4340 coronam
431 4295 578 4346 emergere
600 4280 836 4330 observavlmua.⁴¹
855 4282 1004 4344 maricii
1019 4290 1046 4334 et
1064 4285 1225 4351 Ebrenberq
1237 4289 1256 4337 l.
1267 4303 1290 4338 a.
1308 4303 1332 4337 c.
