2918 4800
1284 176 1429 271 'x-

139 354 351 450 tellexerit,
380 382 486 460 quan
507 369 655 460 egomet
676 362 773 463 ipse.
798 360 877 435 'l'ot
896 357 988 434 eninr
1008 364 1225 453 tantasque,
1244 344 1327 450 qui·

141 491 215 569 buu
228 491 422 586 redundat,
437 493 594 573 lacunas
608 495 838 598 explevisse,
856 515 926 569 nou
945 502 1004 568 est
1018 489 1188 592 proiecto
1203 483 1326 576 unius,

141 625 212 703 sed
227 627 442 722 multorum,
469 628 531 730 qui
550 631 663 708 unitis
688 631 831 710 viribus
856 638 893 705 et
922 623 1129 722 conjunctis
1156 623 1253 698 inter
1282 639 1327 694 se

141 760 278 839 studiis
294 761 448 841 relictas
476 789 498 840 a
523 763 710 867 prioribus
729 772 858 868 partes
890 757 1126 862 supplebunt.
1152 757 1326 831 Attamen

140 895 321 976 scientiae
355 906 507 976 nostrae
538 899 800 1001 aliquantulum
824 895 1048 975 inseruiisse
1068 887 1155 964 mitri
1181 887 1325 1009 uideor,

142 1050 189 1115 ea
216 1033 354 1127 omnia,
382 1058 477 1135 quae
501 1033 683 1113 hactenus
713 1038 929 1120 innotuere,
957 1029 1028 1104 sub
1049 1046 1158 1098 uuurn
1186 1013 1327 1097 sistens

142 1176 403 1269 conspectum,
430 1177 471 1244 ut
489 1167 668 1256 habeant,
698 1190 770 1264 qno
800 1163 891 1238 artis
916 1182 1021 1236 meae
1049 1155 1145 1235 socii
1167 1160 1328 1244 utuntur,

141 1323 214 1400 quo
233 1303 373 1379 tirones
382 1301 498 1400 adjuti
509 1302 694 1396 ingentem
706 1319 825 1373 rerum
842 1306 1047 1373 nostrarum
1056 1291 1197 1394 copiam
1214 1287 1328 1366 solito

140 1433 252 1510 citius
269 1434 501 1535 perlustrent
518 1439 556 1507 et
580 1429 699 1505 animo
722 1439 760 1506 et
777 1431 1002 1532 cogitatione
1022 1427 1326 1528 complectantur,

140 1580 217 1642 turn
232 1590 305 1664 qua
324 1586 369 1639 se
386 1563 532 1663 singula
549 1564 707 1642 habeant
722 1567 885 1657 ratione,
912 1587 1007 1664 quae
1031 1564 1067 1638 iu
1101 1561 1173 1638 hoc
1193 1558 1327 1636 zoolo·

142 1695 231 1797 giae
248 1716 389 1794 genere
413 1696 629 1775 adnostros
656 1724 775 1801 usque
798 1701 882 1778 dies
905 1696 1157 1800 praestiterint
1177 1693 1325 1786 eruditi,

139 1851 283 1930 quaere
306 1829 549 1930 inposterum
574 1832 649 1909 sint
668 1834 905 1936 praestanda,
930 1841 1059 1934 aperte
1085 1839 1221 1931 queant
1238 1853 1326 1930 per·

133 1960 295 2065 spicere.
475 1958 482 1963 ’

239 2097 350 2191 Quod
371 2099 500 2176 attinet
519 2099 567 2175 ad
585 2101 711 2202 operis
733 2102 804 2176 mei
828 2102 1014 2177 materiam
1045 2109 1083 2176 et
1105 2096 1326 2199 dispositio-

136 2256 236 2326 nem,
259 2256 380 2336 pauca
399 2243 485 2310 sunt
512 2245 608 2333 quae
633 2259 809 2311 moneam.
838 2236 957 2328 Quum
981 2234 1074 2309 enim
1101 2231 1175 2306 alia
1207 2229 1327 2305 omunia

135 2366 466 2469 praetermittenda
478 2368 565 2443 mihi
582 2391 671 2446 esse
688 2368 914 2462 viderentur,
935 2367 1005 2445 nisi
1025 2391 1121 2467 quae
1138 2374 1325 2468 systema-

137 2498 248 2599 ticum
282 2510 520 2602 conspectum
548 2526 725 2602 generum
750 2503 1033 2605 specierumque
1057 2526 1131 2578 una
1160 2525 1241 2578 cum
1267 2507 1324 2576 ta-

138 2632 237 2710 buiis
257 2634 433 2713 litorariis
450 2636 700 2713 Helorinthum
723 2639 943 2739 praebeant,
970 2663 1038 2730 ne,
1064 2635 1248 2715 benevoie
1266 2634 1325 2711 le-

136 2775 228 2860 ctor,
244 2770 445 2848 eorundem
461 2796 607 2872 quoque
624 2774 906 2874 exspectaveris
923 2783 960 2848 et
970 2770 1184 2849 anatomiam
1202 2778 1239 2846 et
1254 2793 1324 2868 ge·

136 2902 242 2980 nesio
262 2915 308 2999 ‚et
330 2905 508 2982 fusiorem
541 2907 766 3006 singularum
803 2906 1012 3009 specierum
1037 2903 1324 3006 descriptionem

137 3043 176 3110 et
191 3035 254 3111 vel
274 3039 417 3114 minima
436 3063 605 3140 quaeque
627 3049 924 3134 consectantem,
953 3041 1052 3141 quod
1077 3063 1147 3116 nec
1172 3036 1324 3139 prouin-

140 3164 222 3243 ciae
237 3192 341 3247 meae
358 3175 525 3274 putabam
545 3181 584 3250 et
603 3173 811 3273 compendii
826 3184 929 3250 certe
944 3175 1038 3247 fines
1058 3170 1322 3270 egrederemur

135 3308 209 3375 tunr
226 3315 377 3384 exstant
397 3307 481 3385 libri
499 3306 763 3409 compendiarii
783 3330 853 3383 non
875 3304 1008 3409 pauci,
1031 3306 1092 3406 qui
1108 3311 1321 3406 apparatum

136 3435 198 3511 vel
220 3437 389 3517 iconibus
405 3441 627 3518 illustratum
644 3441 883 3544 suppeditant
900 3441 1109 3543 specierum
1127 3440 1321 3539 hucusque

134 3572 386 3670 cognitarum3
414 3586 687 3654 recensentem
708 3577 879 3655 detectas
896 3587 933 3654 et
958 3575 1088 3653 ordine
1115 3572 1321 3676 dispositas

134 3704 172 3777 in
188 3704 437 3785 scientiarum
462 3711 710 3805 Academiae,
738 3733 834 3812 quae
852 3722 911 3787 cst
928 3710 1192 3800 Vindobonae,
1220 3731 1322 3784 com-

134 3841 323 3917 mentariis
343 3844 590 3947 supplementi
610 3846 695 3922 loco
717 3854 947 3947 pertractare
967 3869 1012 3922 ac
1028 3845 1127 3946 typis
1147 3840 1321 3917 mandare

128 3970 302 4052 inanimo
323 3986 393 4054 est.

101 4166 106 4173 .
230 4110 378 4187 Partem
391 4113 665 4191 deindehorum
678 4113 976 4192 animalculorum
996 4109 1320 4213 anatomicopiry·

132 4238 353 4345 sioiogicam
366 4247 582 4347 diligentius
593 4246 796 4355 inspecturi
806 4269 896 4354 prae
908 4245 1046 4324 ceteris
1060 4244 1194 4325 adeant
1206 4246 1319 4343 „Sie-
