2918 4800
1285 166 1326 217 n

140 305 367 409 uutlugerit
389 314 454 385 ant
478 304 610 385 saltem
632 302 796 381 latuerit
822 300 947 400 (injus
969 300 1026 378 rei
1050 290 1326 400 negligentiam,

139 440 179 521 si
195 465 270 545 qna
303 440 500 536 acciderit,
527 448 721 534 auctores,
756 437 807 515 ad
830 458 926 538 quos
954 433 1131 537 pertinet,
1163 453 1211 508 ne
1236 424 1328 503 vitio

137 573 229 655 milri
246 576 403 671 vertunt,
430 600 574 681 eosque
589 576 701 655 enixe
717 553 873 677 rogatos
890 566 1025 661 velim,
1051 577 1093 641 nt
1105 565 1326 667 scriptorum

134 734 164 793 tt
181 709 351 790 maforte
368 712 715 814 praetermissorum
730 709 891 811 benigne
911 728 969 783 me
986 698 1326 789 commonefaciant,

135 867 236 949 quoe
263 846 309 923 ud
334 849 515 949 cujusque
538 846 737 926 voluminis
761 846 902 926 calcem
919 842 956 919 in
982 834 1190 944 appendice
1214 855 1328 937 sepa·

134 986 221 1063 rato
246 980 387 1060 addere
403 983 667 1063 constituerim.
684 981 721 1076 ⁴)

238 1114 377 1219 Operis
396 1117 508 1219 hujus
530 1118 741 1206 materiam,
761 1137 858 1214 quae
879 1133 986 1210 qnam
1004 1109 1055 1184 sit
1072 1105 1143 1182 rite
1162 1109 1330 1206 pertrac-

135 1256 222 1328 tare
235 1249 412 1346 difficilis,
428 1275 535 1329 nemo
555 1275 626 1328 non
640 1246 778 1323 viderit
792 1245 884 1321 artis
901 1250 1053 1320 nostrae
1069 1240 1241 1344 peritior,
1262 1257 1331 1341 per

135 1384 213 1461 tria
236 1408 357 1486 aeque
384 1383 572 1458 volumina
594 1381 648 1456 ita
672 1378 845 1480 digerere
870 1377 1065 1470 constitui,
1094 1385 1133 1452 nt
1157 1373 1328 1452 volumen

140 1518 291 1621 quidem
307 1516 482 1617 primurn,
499 1513 597 1613 quod
608 1537 705 1593 nuuc
722 1514 758 1589 in
779 1514 899 1591 lucem
920 1513 1069 1616 prodiit,
1095 1505 1330 1588 Achactlrel-

140 1648 284 1723 mintha
309 1645 436 1722 mollia
459 1646 661 1742 contiueat,
693 1658 806 1750 utque
834 1649 1071 1747 subsequens
1096 1640 1329 1722 Achaethel-

137 1778 278 1855 rniutlra
294 1779 469 1873 elastica,
488 1780 632 1858 tertium
656 1782 817 1885 denique
839 1779 1141 1862 Chetlrelnrintha
1160 1799 1329 1879 compre·

135 1911 296 2009 dendat,
322 1912 449 1991 addito
476 1915 632 2020 insuper
662 1926 867 2019 conspectu
894 1915 1138 2017 systematico
1171 1911 1327 1987 omniurn

135 2045 388 2140 animantium,
410 2047 447 2123 in
465 2051 599 2150 quibus
616 2050 852 2128 Helmintlres
866 2050 949 2127 sive
967 2060 1008 2125 ut
1026 2046 1327 2147 Endopnrasltee

138 2181 221 2260 sive
239 2190 279 2259 nt
297 2181 593 2284 Ektoparasitae
611 2185 810 2286 adparent,
837 2208 907 2262 nec
930 2211 1002 2262 uon
1025 2183 1150 2260 indice
1177 2180 1327 2282 specie-

138 2340 217 2393 rum
234 2326 573 2419 etsyuonynrornm
598 2318 907 2423 locupletissimo.
936 2321 1124 2400 Generum
1150 2324 1271 2391 autem
1289 2323 1327 2392 et

139 2451 350 2553 specierum
367 2452 493 2529 tabula
504 2453 742 2533 cornnrodiori
760 2454 898 2557 prioris
916 2463 955 2532 et
972 2451 1195 2556 posterioris
1220 2447 1326 2527 volu·

134 2582 245 2663 minis
262 2585 348 2662 usui
367 2587 541 2666 sufficiat.

238 2719 385 2815 Quodsi
404 2721 522 2800 hocce
551 2747 633 2800 meo
660 2747 775 2825 opere
801 2724 938 2801 studiis
965 2732 1004 2802 et
1030 2721 1222 2801 doctrinae
1252 2718 1324 2795 ali-

138 2865 311 2957 quantum
325 2856 547 2958 profecerim
558 2857 808 2961 imprimisque
834 2859 975 2935 tirones
1002 2855 1051 2932 ad
1079 2855 1206 2934 acrius
1235 2874 1328 2951 cog·

133 2990 329 3068 noscenda
345 2993 427 3090 ejus
438 2993 589 3090 generis
603 2993 823 3071 animalcula
831 2992 1053 3093 impulerim:
1068 2993 1228 3087 majores
1238 3008 1326 3085 pro-

91 3166 94 3197 ι
136 3124 241 3199 fecto
258 3123 399 3220 gratias
417 3127 627 3202 merebatur
648 3126 842 3206 Caesarea
852 3125 1100 3202 Scientiarum
1121 3116 1326 3195 Academia

135 3254 465 3351 vindobonensis,
492 3282 588 3360 quae
607 3282 654 3338 eo
675 3258 760 3360 ipso
782 3256 916 3335 abhinc
941 3254 1109 3347 biennio,
1136 3275 1209 3353 qno
1233 3249 1324 3328 nihil

177 3586 282 3671 'ilia
307 3597 397 3655 modo
424 3594 570 3656 uenienti
590 3596 725 3655 adfertur
748 3594 838 3655 amici
864 3593 992 3654 mammo
1012 3591 1133 3652 colendi
1157 3593 1192 3652 c.
1212 3590 1268 3651 'rin
1287 3590 1326 3649 de

235 3698 360 3758 Sletold
379 3698 555 3760 dissertatio
572 3698 711 3758 omnibus
730 3698 864 3759 numeris
889 3698 1052 3772 obuoluta,
1077 3710 1113 3754 en
1130 3697 1168 3754 de
1193 3708 1322 3771 genere,

236 3804 317 3879 quod
331 3802 501 3862 nominatur
524 3802 749 3875 syrnuactylur
773 3802 819 3875 (iu
842 3801 937 3861 diario
960 3800 1133 3877 zoologiue
1155 3795 1324 3858 sublimiori

236 3904 409 3979 destinato,
433 3905 686 3982 tom.1.1sra);
710 3912 741 3965 at
762 3907 842 3982 quod
866 3905 1025 3965 admodum
1050 3904 1154 3976 doleo,
1179 3917 1216 3958 cu
1236 3901 1323 3972 parte

234 4008 353 4084 operis,
378 4024 457 4085 quac
477 4011 581 4070 eadem
612 4011 649 4068 de
664 4025 698 4069 re
719 4009 804 4085 ugit,
829 4007 910 4083 typis
928 4006 1051 4081 janrjum
1070 4016 1228 4076 expressa.
1250 4002 1322 4062 Etsi

234 4126 274 4171 ex
283 4111 350 4186 eius
364 4113 548 4174 auctoritate
565 4128 665 4188 pauca
682 4113 830 4189 quaedam
839 4110 1049 4169 immutuvlsse
1063 4104 1261 4181 praestiterit,
1274 4112 1322 4166 est

234 4221 345 4295 tumen,
360 4219 441 4295 qnod
450 4219 482 4279 iu
491 4217 647 4295 plerisque
661 4216 748 4280 illum
761 4228 878 4277 mecum
887 4210 1085 4273 consensisse
1100 4211 1202 4273 luctus
1213 4214 1321 4275 tutem.
