2918 4800
165 930 382 1020 ⁰111)ss
408 934 504 1022 lv.
539 934 1251 1027 ourfflucuxxum
1284 927 1353 1033 1).

215 1155 342 1209 ltutozoa
358 1157 468 1221 cyatica
484 1161 512 1209 et
527 1156 679 1210 ceatutdea
693 1157 785 1207 ommia
794 1191 803 1225 ‚
823 1152 1008 1207 'l'rematoidia
1025 1167 1090 1220 gen.
1108 1155 1313 1208 Pentertomum

686 1244 831 1308 audomar.

261 1424 502 1505 Animaleula
528 1423 735 1524 composita
762 1452 798 1499 v.
826 1426 1017 1519 solitaria,
1045 1427 1131 1502 alba
1155 1453 1189 1500 v.
1215 1426 1357 1526 grisea,

165 1542 437 1641 transparentia
474 1567 510 1614 v.
547 1565 689 1641 opaea,
727 1565 845 1619 coeca
880 1569 916 1617 v.
942 1527 1147 1618 'rarissime
1173 1542 1357 1635 ocellata‚

165 1657 389 1757 praelonga,
421 1656 602 1732 interdum
639 1656 687 1731 ad
723 1658 772 1732 40
787 1702 829 1712 -
847 1658 918 1734 100
948 1658 1068 1758 pedes
1094 1658 1357 1737 increscentia.

167 1774 318 1874 Corpus
335 1772 548 1872 elongatum
568 1771 699 1864 molle,
726 1773 1120 1874 parenehymatusum,
1147 1775 1295 1875 planum
1320 1805 1356 1852 v.

165 1889 408 1989 depressum,
446 1891 568 1964 rarius
595 1887 900 1980 teretiuseulum,
938 1893 1173 1965 extremitate
1210 1892 1358 1969 caudali

165 2007 200 2079 in
228 2006 393 2084 vesicam
426 2006 572 2108 liquore
608 2005 760 2106 limpido
795 2005 974 2104 repletam
1000 2017 1145 2080 tumens
1172 2032 1206 2080 v.
1232 2008 1271 2080 iu
1296 2033 1358 2085 re-

166 2121 400 2222 ceptaculum
426 2145 523 2198 nune
549 2120 585 2194 in
614 2119 785 2219 corporis
811 2120 1045 2196 extremitate
1070 2121 1235 2215 caudali‚
1260 2149 1358 2203 mme

166 2240 263 2339 inter
300 2236 436 2314 collum
478 2248 516 2312 et
556 2258 693 2335 eorpus
734 2235 844 2308 situm
889 2235 1120 2337 ampliatum,
1156 2262 1252 2315 nuuc
1287 2263 1357 2318 nec

166 2356 296 2430 vesica
328 2377 399 2430 nee
432 2349 672 2451 receptaculo
708 2351 894 2450 stipatum.
909 2406 913 2412 ·
931 2352 1056 2452 Caput
1084 2355 1295 2429 continuum
1320 2382 1356 2429 v.

166 2468 265 2545 collo
295 2471 422 2570 (parte
446 2466 682 2545 inarticulata
711 2490 809 2567 pune
844 2471 972 2568 caput)
1009 2469 1223 2545 discretum.
1252 2472 1357 2549 Aee·

167 2585 292 2660 tabula
317 2584 542 2663 orbicularia
569 2581 721 2679 (oscula
746 2585 971 2682 Auetorum)
1006 2612 1042 2659 v.
1076 2585 1271 2684 elongata,
1297 2603 1358 2662 ut-

163 2702 358 2803 plurimum
390 2712 551 2800 angusta
590 2699 755 2796 (buthria
787 2703 1012 2793 Auctorum)
1056 2701 1168 2801 capiti
1202 2703 1355 2778 inserta.

166 2820 222 2897 Oa
262 2817 455 2895 terminale
498 2845 532 2892 v.
574 2816 840 2892 subterminale
882 2819 1053 2894 anticum.
1098 2817 1354 2918 Oesophagus

165 2936 304 3010 brevis.
320 2934 486 3010 Tractus
501 2931 728 3006 intestinalis
747 2931 944 3007 subnullus
953 2985 964 3024 ‚
992 2933 1225 3034 utplurimum
1240 2933 1357 3009 bisur-

164 3060 271 3127 catua
297 3072 369 3123 auu
395 3047 622 3135 destitutus,
648 3044 771 3121 rarius
793 3045 954 3144 simplex
976 3071 1047 3122 ano
1074 3047 1247 3149 stipatus.
1276 3048 1356 3149 Sy-

165 3180 284 3241 stema
298 3188 484 3239 vasorum.
506 3160 694 3259 Ganglion
710 3159 906 3237 cerebrale
925 3161 963 3236 in
982 3162 1114 3262 paucis
1137 3163 1268 3239 visum.
1281 3165 1356 3242 Οι-

163 3303 261 3380 gana
283 3278 463 3378 genitalia
485 3277 588 3352 nulla
605 3303 641 3352 v.
660 3286 817 3376 utraque
834 3275 875 3351 iu
897 3301 971 3356 uuo
996 3276 1187 3355 individuo
1205 3283 1352 3378 juncta,

165 3424 200 3471 v.
216 3397 391 3473 discreta.
412 3394 526 3472 Panis
543 3391 762 3489 (lemniseus
784 3393 1009 3493 Auctorem)
1031 3394 1263 3496 protractilis
1282 3392 1356 3471 lili·

165 3513 294 3591 sormis
329 3523 372 3615 et·
398 3522 574 3614 apertura
609 3509 787 3610 genitalis
817 3508 989 3587 leminea
1028 3511 1256 3612 propagatio
1288 3536 1356 3613 per

165 3623 468 3730 prolifieatiouem
493 3654 528 3703 r.
556 3652 624 3728 per
650 3623 776 3704 ovula.
804 3671 849 3682 -
877 3625 1010 3704 Omnia
1035 3626 1311 3730 eudoparasita.
